3080 4788
900 369 998 416 nn
1051 367 1364 416 NATURA
1421 367 1738 418 osonum
1794 371 1838 418 ι.
1886 356 1993 420 20.
2448 357 2579 422 833

367 511 586 590 testis,
615 508 978 593 confugitis
1007 510 1096 574 ad
1129 511 1392 576 Deum:
1435 512 1545 576 54.
1576 511 1775 595 cujus
1802 530 2075 596 operam
2108 513 2411 598 profecto
2442 535 2579 580 non

371 614 864 692 desideraretis,
891 612 952 676 si
980 613 1371 678 immensam
1403 620 1474 676 et
1497 612 1986 681 interminatam
2004 611 2027 652 Β
2059 615 2127 680 in
2159 636 2393 682 omnes
2426 637 2575 702 par-

370 723 468 782 tes
511 714 1034 799 magnitudinem
1080 716 1422 797 regionum
1454 715 1793 792 videretis,
1822 717 1891 780 in
1922 737 2128 800 quam
2170 739 2245 783 se
2272 719 2581 802 injiciens

369 820 630 886 animus
659 825 728 883 et
753 817 1126 897 intendens,
1159 817 1254 882 ita
1284 818 1420 882 late
1447 815 1781 902 longeque
1816 820 2289 902 peregrinatur,
2322 829 2397 888 ut
2428 824 2579 889 nul·

367 922 506 988 lam
551 929 776 986 tamen
817 939 1004 986 oram
1043 919 1262 984 ultimi
1289 919 1542 996 videat,
1572 919 1639 983 in
1668 937 1801 1002 qua
1826 922 2045 1004 possit
2074 921 2405 987 insistere.
2498 924 2579 988 In

369 1022 500 1088 hac
531 1023 738 1104 igitur
777 1021 1226 1086 immensitate
1257 1018 1711 1100 latitudinum,
1739 1021 2248 1106 longitudinum,
2280 1023 2577 1090 altitudi-

368 1130 582 1200 num,⁷
610 1121 870 1188 infinita
898 1123 1004 1188 vis
1032 1121 1607 1189 innumerabilium
1637 1121 1875 1187 volitat
1906 1128 2271 1188 atomorum
2290 1121 2343 1205 3¹
2396 1145 2574 1208 quae,

367 1224 720 1310 interjecto
759 1224 963 1302 inani,
995 1224 1460 1289 cohaerescunt
1503 1231 1731 1289 tamen
1774 1223 1941 1290 inter
1974 1243 2078 1303 se,
2107 1232 2177 1290 et
2206 1226 2361 1292 aliae
2406 1228 2579 1292 alias

370 1324 954 1409 apprehendentes
983 1327 1486 1392 continuantur:
1533 1345 1621 1390 ex
1650 1343 1791 1410 quo
1822 1324 2195 1392 efficiuntur
2224 1327 2327 1394 hae
2361 1347 2577 1394 rerum

368 1427 604 1493 formae
665 1434 868 1513 atque
925 1427 1177 1510 figurae,
1222 1445 1396 1512 quas
1447 1445 1571 1494 vos
1624 1425 1803 1496 effici
1852 1447 2063 1510 posse
2110 1429 2251 1494 sine
2296 1429 2577 1495 follibus

369 1535 438 1594 et
479 1530 838 1594 incudibus
894 1547 1032 1594 non
1079 1530 1352 1612 putatis.
1459 1529 1709 1614 Itaque
1766 1531 2185 1614 imposuistis
2242 1531 2311 1594 in
2364 1531 2579 1598 cervi-

371 1632 606 1698 cibus⁸
647 1635 892 1700 nostris
927 1631 1399 1714 sempiternum
1429 1630 1799 1710 dominum,
1830 1649 2031 1715 quem
2062 1629 2217 1694 dies
2244 1635 2313 1695 et
2338 1641 2579 1698 noctes

267 1793 276 1802 .
373 1733 775 1798 timeremus.
865 1733 1043 1813 Quis
1086 1732 1262 1796 enim
1301 1750 1428 1796 non
1457 1731 1693 1796 timeat
1720 1732 1951 1796 omnia
1982 1731 2472 1815 providentem,
2504 1742 2578 1799 et

370 1836 793 1918 cogitantem,
825 1842 890 1901 et
933 1834 1588 1912 animadvertentem,
1618 1841 1689 1899 et
1730 1835 1960 1898 omnia
2004 1833 2094 1898 ad
2134 1853 2209 1898 se
2247 1835 2575 1918 pertinere

369 1941 738 2020 putantem,
769 1938 1128 2014 curiosum,
1159 1943 1230 2001 et
1257 1935 1529 2019 plenum
1561 1933 1813 2017 negotii
1844 1933 2154 2000 Deum‘i9
2238 1935 2347 2002 65.
2396 1935 2579 2001 Hinc

370 2037 570 2102 vobis
613 2039 915 2104 extitit¹0
955 2039 1240 2122 primum
1285 2035 1410 2101 illa
1453 2035 1685 2100 fatalis
1713 2035 2113 2115 necessitas,
2145 2055 2351 2119 quam
2381 2040 2579 2121 εἱμαρ-

370 2135 592 2217 μένηνω
640 2139 904 2221 dicitis;
949 2143 1048 2216 ut,
1079 2136 1405 2224 quicquid
1437 2135 1731 2215 accidat,
1759 2135 1831 2202 id
1873 2157 1961 2202 ex
1993 2143 2247 2202 aeterna
2275 2139 2573 2214 veritate,

372 2257 858 2326 causarumque
881 2241 1410 2316 continuatione,
1436 2237 1718 2304 fluxisse
1740 2239 2010 2305 dicatis.
2065 2238 2327 2318 Quanti
2350 2249 2575 2307 autem

1285 2410 1643 2435 mmmm

370 2520 402 2565 7
437 2517 594 2580 Glog
613 2515 746 2567 Red.
781 2512 1059 2565 Heindorf.
1092 2520 1140 2565 et
1168 2514 1491 2565 altitudinem.
1556 2514 1705 2576 Mox,
1726 2514 2041 2564 οοΙιωι-εοσιιηὲ
2060 2514 2189 2563 inter
2209 2526 2259 2563 se
2278 2514 2469 2564 tumG.
2504 2529 2579 2563 co-

371 2582 629 2633 umescant
655 2586 754 2631 tum
773 2580 972 2631 inter-se
996 2580 1141 2631 Gud-
1159 2584 1208 2629 2
1279 2580 1430 2643 Tum,
1453 2578 1636 2641 figura
1658 2584 1741 2643 atq
1744 2593 1803 2629 ne
1824 2576 2002 2638 fermo.
2028 2577 2101 2629 Η.
2117 2579 2297 2637 forma
2326 2585 2375 2629 et
2394 2578 2581 2642 figure

374 2648 424 2696 A
469 2647 512 2695 B
552 2647 614 2703 C,
659 2646 828 2694 Paris.
856 2648 1038 2697 ι.2.8.
1086 2645 1150 2704 Ε,
1185 2643 1378 2693 Eliens.
1413 2644 1619 2693 Victor.
1654 2644 1872 2693 Medici.
1908 2644 2174 2705 somoeque
2207 2644 2389 2705 figura
2436 2642 2581 2691 Μ.-

373 2714 405 2759 8
437 2712 734 2773 stemma&⁸
692 2712 778 2772 quc
813 2705 2343 2770 1³..ss-mpowiseiucerv.eud.vett.sunt.1.nmn.1n
2366 2714 2580 2755 servant

374 2775 422 2824 A
449 2776 493 2825 Β
519 2774 583 2837 C,
603 2774 773 2823 Paris.
795 2776 845 2823 2.
863 2778 915 2822 ⁸.
949 2722 1280 2825 HffN.
1223 2771 1362 2821 Gnd.
1383 2776 1432 2821 2.
1486 2772 1532 2823 E
1557 2770 1681 2834 Οψ.
1722 2770 2189 2821 Red.Tl1usn.-—9
2222 2770 2393 2819 Paris.
2416 2774 2466 2817 3.
2496 2772 2581 2818 do-

372 2840 506 2889 mi·
511 2841 637 2889 -10
673 2836 807 2889 Red.
831 2837 947 2887 EO
973 2835 1020 2885 U
1043 2834 1232 2885 existit·
1293 2835 1504 2897 Statim,
1523 2835 1749 2899 quicquid
1782 2831 1959 2886 accidit
1997 2834 2166 2885 Paris·
2188 2837 2235 2883 2-
2268 2832 2341 2893 G,
2364 2832 2503 2884 Gud.
2528 2838 2579 2882 2.

1371 3013 1589 3064 NOTAE

375 3164 392 3192 ⁸
411 3161 556 3212 Deus
581 3172 612 3211 e
633 3155 902 3209 maehina?
960 3154 1322 3205 Moremillum
1349 3166 1438 3215 pe·
1519 3153 1720 3205 litatem
1760 3148 2060 3214 invisibilis,
2118 3148 2333 3203 Diodori
2388 3151 2581 3201 Chroni

375 3237 579 3288 iitsrum
597 3244 750 3287 ceute
767 3230 1116 3297 usurpandum
1135 3238 1310 3281 monet
1328 3229 1438 3281 Hc·
1518 3229 1825 3292 corpuscula
1869 3226 2100 3289 minime,
2153 3240 2253 3277 nec
2311 3224 2580 3277 divisionis

376 3321 479 3365 rst-
495 3314 546 3363 in
567 3313 699 3362 Arte
717 3309 867 3361 Poat.
885 3316 900 3339 ⁶
917 3310 1034 3359 Nec
1052 3308 1200 3358 Deus
1217 3308 1443 3369 intersit,
1521 3306 1755 3369 capacis,
1777 3302 1917 3353 uude
1942 3301 2188 3352 mundum
2225 3300 2465 3350 extitisse
2486 3301 2579 3350 do-

375 3390 478 3441 nisi
509 3388 693 3451 dignus
725 3384 932 3436 vindice
961 3383 1126 3434 nodus
1149 3382 1441 3434 Inciderit.’
1521 3386 1765 3443 cuerunt,
1798 3376 1923 3443 quid
1962 3375 2101 3427 aliud
2140 3383 2261 3426 snut
2292 3388 2445 3439 quam
2470 3382 2580 3424 eto·

379 3467 471 3519 Sic
495 3464 688 3529 Apollo
725 3462 778 3510 in
805 3460 998 3510 Oreste
1029 3458 1327 3521 Euripidis;
1361 3458 1440 3509 sic
1521 3456 1627 3506 mi?

378 3542 592 3605 Jupiter
613 3540 670 3589 in
693 3536 1071 3601 Amphitryone
1093 3534 1292 3585 Plauti.
1584 3538 1623 3565 ¹¹¹
1654 3528 1969 3594 Εἱμαρμένην]
2004 3526 2053 3577 Α
2088 3525 2363 3590 praeterito
2398 3526 2581 3575 Attico

444 3618 468 3651 ¹¹
500 3618 572 3667 Et
591 3610 974 3675 interminum]
1009 3611 1090 3660 De
1112 3609 1212 3660 hac
1233 3609 1347 3661 fuse
1369 3609 1440 3661 de
1519 3610 1754 3673 εἵμαρμαι,
1779 3606 1920 3656 verbi
1943 3602 2197 3667 μείρεο-θαι,
2218 3602 2449 3663 dividere,
2468 3616 2581 3665 pn·-

379 3693 496 3744 Pin.
517 3692 608 3742 lib.
633 3702 674 3739 1.
1519 3688 1625 3743 tiri,
1650 3684 1785 3735 unde
1806 3680 2097 3745 εἱμαρμένον,
2110 3672 2305 3739 sutuler
2331 3680 2478 3744 quasi
2504 3676 2581 3726 fn-

444 3771 459 3803 ¹
491 3767 792 3833 Momm-um]
829 3765 946 3817 Non
989 3770 1208 3830 propter
1237 3764 1440 3815 exilitn·
1522 3772 1633 3813 tum
1668 3774 1815 3811 suum
1856 3760 2045 3824 cuique
2084 3756 2302 3807 tribuat.
2370 3754 2579 3805 Platoni

380 3854 508 3911 tem,
529 3846 620 3895 sed
645 3850 863 3911 propter
884 3841 1200 3892 soliditatem
1222 3842 1442 3892 tirmite—
1521 3836 1787 3903 εἱμαρμένα
1808 3834 2148 3898 repensatum
2163 3836 2308 3895 leges.
2378 3832 2581 3881 Aristo·

381 3930 593 3986 temque
626 3920 786 3970 dictoe
827 3924 948 3969 sunt
993 3918 1169 3969 atomi.
1235 3917 1440 3967 Harum
1523 3917 1654 3966 teles
1678 3914 1742 3964 ab
1764 3909 2218 3978 {pemmonem-smel
2241 3910 2430 3965 dicem
2466 3914 2581 3955 nam

378 4007 564 4049 auctor
607 3998 760 4060 vulgo
801 3995 972 4046 fertur
1013 3995 1293 4059 Epicurus.
1367 3990 1442 4041 At
1523 3998 1803 4053 utrumque
1836 3986 2115 4053 significat.
2188 3986 2266 4033 De
2302 3983 2391 4033 illa
2436 3981 2585 4031 fatali

380 4076 694 4140 Pythagora
735 4073 1030 4137 fragments
1065 4072 1294 4128 minime.
1330 4069 1442 4119 He·
1519 4067 1837 4117 necessitate
1860 4065 1979 4114 vide
2002 4062 2143 4113 Geli.
2166 4073 2243 4110 vn
2264 4062 2315 4108 2.
2348 4066 2402 4107 et
2433 4058 2573 4106 Plnt.

380 4152 596 4202 rselidae
621 4156 858 4199 ramenta
897 4148 1170 4213 pulvisque
1205 4146 1442 4196 minutis·
1520 4143 1613 4193 lib.
1634 4140 1739 4207 sepi
1756 4141 1845 4199 τῆς
1876 4137 2171 4203 εἱμαρμένης,
2196 4142 2251 4186 et
2282 4134 2424 4197 Huss.
2447 4134 2579 4184 Gro-

381 4230 557 4285 simus,
574 4226 811 4277 Platonis
827 4226 1084 4275 elementa
1101 4230 1315 4289 propter
1333 4224 1440 4273 exi·
1521 4222 1651 4273 tium
1674 4218 1742 4269 de
1764 4218 1915 4269 Fato.

519 4310 693 4375 Daph.
710 4315 756 4361 et
782 4308 901 4359 Vur·
923 4306 1052 4356 Clas.
1379 4304 1567 4353 Cicero.
2144 4300 2173 4343 3
2210 4294 2257 4344 G
2274 4294 2319 4341 G
2339 4294 2381 4341 G
2400 4296 2447 4341 G
