3080 4788
927 393 1026 441 nn
1073 392 1393 443 ussuka
1441 394 1757 445 osonum
1810 398 1893 444 11.
1936 382 2041 449 63.
2471 386 2601 452 987

392 531 550 615 jure
579 550 662 599 ac
691 535 840 618 lege
863 537 1112 603 vivunt.
1201 537 1300 603 Ut
1327 538 1526 621 igitur
1560 537 1860 605 Athenas
1898 545 1967 605 et
1997 540 2605 621 Lacedoemonem‚⁰

401 633 910 701 Atheniensium
965 639 1764 725 Lacedaemoniorumque
1820 660 2045 718 causa,
2094 644 2453 727 putandum
2494 652 2607 709 est

405 736 708 803 conditas
761 758 958 819 esse;
1001 742 1384 825 omniaque,
1421 762 1579 826 quae
1624 743 1759 807 sint
1798 744 1866 808 in
1898 743 2002 807 his
2038 746 2339 820 urbibus,
2372 766 2601 811 eorum

401 839 806 919 populorum
849 848 1028 905 recte
1066 860 1220 906 esse
1243 848 1268 879 ²
1315 842 1667 923 dicuntur3
1714 845 1837 917 sic,
1870 864 2309 929 quaecumque
2338 853 2495 910 sunt
2532 847 2601 910 in

401 942 583 1005 omni
621 940 884 1018 mundo,
918 942 1221 1008 Deorum
1245 950 1450 1027 atque
1469 944 1813 1009 hominum
1844 946 2149 1029 putanda
2178 954 2355 1011 sunt.
2455 950 2599 1013 155.

397 1042 558 1108 Jam
591 1062 750 1109 vero
783 1045 1109 1109 circuitus
1137 1047 1307 1111 solis
1347 1054 1419 1111 et
1459 1048 1661 1120 lunae,
1702 1048 2237 1131 reliquorumque
2280 1049 2599 1126 siderum,

401 1164 785 1229 quanquam
815 1148 1021 1211 etiam
1072 1148 1162 1212 ad
1213 1148 1448 1213 mundi
1489 1149 1965 1214 cohaerentiam
1998 1151 2345 1233 pertinent,
2376 1154 2601 1215 tamen

397 1252 464 1310 et
491 1248 948 1329 spectaculum
977 1255 998 1295 ³
1047 1247 1433 1313 hominibus
1464 1250 1806 1332 praebent3
1853 1250 2041 1316 nulla
2069 1257 2181 1314 est
2212 1253 2383 1315 enim
2416 1252 2599 1316 insa-

397 1348 696 1413 tiabilior
723 1351 1007 1434 speciae,
1037 1353 1221 1416 nulla
1253 1352 1613 1435 pulchrior,
1640 1361 1711 1416 et
1750 1353 1836 1416 ad
1870 1354 2199 1417 rationem
2231 1353 2597 1417 solertiam-

397 1468 532 1532 que
565 1452 1031 1533 praestnntior:
1078 1470 1306 1517 eornm
1339 1454 1516 1517 enim
1543 1472 1781 1518 cursus
1812 1454 2143 1529 dimetati,
2174 1453 2599 1517 maturitates

396 1556 790 1633 temporum,
873 1558 942 1617 et
1019 1554 1385 1618 varietates
1452 1556 2033 1639 mutationesque,
2107 1555 2547 1637 cognovimus
2578 1574 2595 1619 ε

397 1673 552 1736 qum
585 1654 647 1719 si
678 1654 1060 1719 hominibus
1093 1656 1260 1720 solis
1289 1663 1454 1719 nota
1483 1662 1661 1733 sunt,
1689 1656 2025 1721 hominum
2044 1657 2230 1722 sacta
2254 1676 2405 1720 esse
2434 1676 2587 1721 cau·

394 1762 530 1819 su4
558 1755 929 1837 judicanda
957 1761 1134 1821 sunt.
1224 1757 1376 1820 156.
1420 1755 1859 1834 Terra-vero,
1910 1757 2077 1822 foeta
2122 1754 2485 1837 frugibus,‘¹
2526 1763 2599 1822 et

394 1857 584 1921 vario
633 1857 1034 1938 leguminum
1063 1874 1324 1939 genere,
1355 1876 1509 1939 quae
1539 1876 1689 1922 cum
1722 1859 2021 1922 maxima
2045 1865 2066 1905 ⁵
2112 1858 2422 1940 largitate
2450 1858 2601 1923 fun·

397 1958 518 2031 dit,
575 1976 654 2022 ea
711 1958 1082 2023 ferarumne
1139 1977 1224 2021 an
1269 1957 1611 2023 hominum
1671 1977 1906 2034 causa,
1956 1960 2233 2041 gignere
2278 1959 2589 2024 videtur?

395 2061 582 2140 Quid
638 2060 724 2126 de
782 2062 1036 2127 vitibus
1093 2058 1549 2142 olivetisque⁶
1608 2059 1827 2124 dicam
1852 2060 1883 2123 't
1938 2080 2217 2143 quarum
2276 2060 2595 2125 uberrimi

391 2162 864 2245 loetissimique
923 2162 1178 2227 fructus
1233 2160 1403 2225 nihil
1459 2162 1728 2225 omnino
1778 2160 1867 2225 ad
1917 2162 2174 2225 bestias
2240 2162 2591 2244 pertinent.

396 2261 643 2347 Neque
687 2264 864 2328 enim
916 2262 1179 2327 serendi
1224 2281 1436 2346 neque
1468 2260 1755 2339 colendi,
1786 2281 1913 2325 nec
1941 2261 2333 2344 tempestive
2372 2261 2599 2326 deme-

393 2365 578 2429 tendi
608 2364 1159 2450 percipiendique
1191 2365 1470 2441 fructus,
1493 2382 1715 2447 neque
1737 2363 2070 2428 condendi
2103 2381 2185 2427 ac
2212 2362 2599 2446 reponendi,

397 2465 538 2530 ulla
586 2466 922 2549 pecudum
964 2467 1253 2532 scientia
1295 2473 1446 2530 est:
1497 2484 1860 2548 earumque
1900 2465 2193 2529 omnium
2226 2483 2441 2528 rerum
2470 2463 2597 2527 ho·

393 2567 643 2630 minum
673 2576 778 2632 est
805 2573 874 2631 et
902 2587 1070 2631 usus
1099 2573 1168 2631 et
1197 2587 1378 2632 cura.
1471 2583 1699 2632 nxm.
1748 2568 1900 2632 157.
1953 2566 2053 2631 Ut
2082 2566 2250 2630 fides
2290 2565 2497 2646 igitur
2528 2571 2599 2629 et

391 2668 599 2733 tibias
631 2685 864 2732 eorum
895 2686 1106 2748 causa
1135 2669 1356 2733 factas
1396 2667 1761 2731 dicendum
1790 2673 1918 2745 est,
1949 2668 2065 2751 qui
2106 2667 2241 2731 illis
2286 2667 2388 2730 uti
2436 2685 2595 2750 pos·

1309 2842 1670 2865 Onmm

391 2963 532 3014 Gud.
563 2967 614 3014 2.
638 2961 806 3013 Paris.
831 2964 878 3011 1.
906 2959 1236 3021 Herum—2
1271 2959 1479 3010 Schutz.
1511 2958 1578 3008 de
1611 2957 1907 3009 Heindorfli
1930 2959 2228 3023 conjectura
2262 2975 2362 3010 esse
2381 2966 2595 3012 recte.—

389 3034 418 3079 8
457 3029 652 3078 Moser.
676 3027 816 3088 conj.
839 3030 995 3076 tumen
1015 3026 1160 3074 iidem
1178 3027 1488 3088 spectaculum
1503 3041 1523 3082 ,·
1550 3025 1649 3079 vel,
1668 3030 1825 3073 tumen
1843 3025 1997 3074 adhuc
2017 3027 2344 3086 spectaculum.
2385 3024 2597 3075 Schutz.

390 3093 456 3140 de
503 3089 796 3142 Heindorfii
833 3091 1096 3140 sententia
1131 3091 1278 3139 dedit
1311 3103 1577 3154 quanquam
1608 3089 1672 3135 ad
1722 3103 1785 3135 m.
1818 3089 1923 3136 coh.
1958 3089 2217 3152 pertinent,
2254 3094 2411 3138 tumen
2448 3091 2595 3140 etium

388 3161 539 3218 spect.
605 3155 773 3206 Paulo
808 3164 946 3219 post,
987 3155 1214 3205 demetenti
1247 3153 1428 3204 Lamb.
1487 3151 1705 3202 demetiti
1746 3165 1923 3216 margo
1965 3151 2156 3200 Vener.
2196 3152 2341 3203 1507.
2387 3153 2596 3204 Manut.

389 3223 541 3283 Tum,
563 3223 849 3271 mutationes
870 3227 918 3270 et
941 3225 1085 3282 temp.
1104 3218 1362 3270 varietates
1382 3217 1519 3281 conj.
1535 3215 2003 3266 Rindervater.·—4
2040 3215 2085 3266 Α
2111 3217 2154 3266 Β
2180 3219 2223 3266 C
2247 3216 2296 3267 G
2325 3215 2375 3265 H
2405 3218 2475 3274 N,
2500 3219 2594 3280 La,

391 3281 560 3336 Paris.
583 3287 630 3338 1.
653 3289 702 3335 2.
727 3290 776 3335 8.
815 3287 861 3334 Ε
884 3285 934 3335 Ο
961 3283 1008 3334 U
1029 3287 1084 3347 ψ,
1117 3281 1323 3332 Manut-
1360 3283 1538 3332 Lamb.
1578 3279 1859 3331 Heindorf.
1890 3281 2101 3330 Schuu.
2137 3297 2277 3330 causa
2296 3281 2439 3339 suctu
2459 3297 2557 3330 esse
2572 3297 2595 3340 ,-

390 3351 623 3413 Hei-vag.
661 3351 856 3399 Moser.
893 3364 1036 3398 cuasa
1067 3362 1168 3397 esse
1189 3347 1371 3406 [πως
1407 3359 1585 3408 margo
1610 3346 1795 3396 Venet.
1829 3349 1975 3395 1507.
2009 3346 2157 3397 Junt.
2196 3346 2325 3395 Dav.
2346 3345 2595 3404 caesarea

387 3409 546 3464 eausa.
599 3413 870 3474 Actutum,
891 3413 1204 3474 judicandum
1222 3418 1296 3461 est
1314 3411 1466 3461 codd.
1485 3412 1703 3472 aliquot,
1727 3425 1901 3472 margo
1924 3411 2113 3459 Venet.
2140 3413 2281 3459 1607.
2302 3408 2449 3460 Junt.
2473 3410 2594 3459 Vic-

389 3489 488 3529 tor.
510 3477 694 3528 Lamb.
716 3475 992 3527 Heindorf.
1013 3476 1227 3528 Schutz.
1249 3477 1428 3528 Nobb.
1448 3475 1711 3526 Onam-5
1746 3475 1952 3525 Manut-
1976 3475 2157 3524 Lamb.
2174 3489 2277 3538 quae
2301 3475 2593 3524 maxima.—

393 3547 425 3592 6
463 3542 641 3594 Lamb.
666 3546 812 3592 1566.
830 3541 1072 3605 cavisque.

1364 3683 1589 3736 NO'rAE

451 3808 474 3834 ⁶
506 3797 912 3862 Lacedaemonem]
945 3798 994 3848 A
1019 3797 1186 3864 primo
1208 3812 1300 3848 suo
1321 3811 1450 3861 rege
1531 3795 1627 3848 tim
1650 3810 1802 3848 serva
1822 3811 1937 3846 esse
1960 3796 2139 3860 coepit.
2158 3797 2272 3848 Liv.

387 3875 462 3926 sic
503 3877 767 3925 nominata
807 3882 906 3931 est,
940 3883 996 3926 et
1027 3889 1059 3924 a
1095 3875 1288 3936 Sparte
1326 3887 1452 3936 rege
1596 3871 1622 3908 ἅ
1662 3871 1794 3922 Fata
1831 3871 2095 3935 frugibus]
2131 3872 2417 3935 Iaegumina
2468 3877 2591 3923 sunt

389 3955 597 4016 sparta.
631 3955 734 4003 Diu
759 3954 873 4002 siue
896 3952 1149 4002 monibus
1168 3948 1268 4000 fuit
1289 3967 1305 4002 ε
1330 3957 1451 4014 post
1529 3962 1649 4012 quo
1687 3963 1837 3997 mann
1872 3950 2133 4012 leguntur,
2170 3961 2269 3996 non
2310 3945 2593 3997 subsecan-

389 4027 679 4078 Alexandri
733 4035 967 4090 tempora
1037 4024 1338 4077 Cassandro
1399 4026 1450 4075 in
1529 4029 1635 4086 tur,
1668 4024 1855 4072 Varro.
1892 4025 2104 4087 Fruges,
2130 4021 2376 4087 quiequid
2398 4037 2463 4072 ex
2488 4029 2593 4071 ter-

390 4105 650 4155 Graeci-m
686 4103 994 4166 irrumpenti
1033 4117 1206 4152 muros
1235 4101 1452 4165 objecit.
1533 4112 1606 4149 rm
1643 4094 1899 4151 fructibus
1932 4099 1985 4148 in
2019 4097 2315 4149 alimoniam
2350 4096 2592 4161 vertitur,

389 4179 423 4231 J
431 4181 582 4229 nstin.
607 4179 698 4228 lib.
719 4192 839 4230 xiv.
893 4177 1272 4231 Quamdiusine
1295 4177 1452 4226 muris
1533 4173 1794 4226 Priscian.

388 4254 509 4319 suit,
531 4254 724 4318 liber-3
759 4254 848 4306 nbi
869 4253 1027 4304 muris
1051 4258 1223 4318 septa,
1245 4249 1450 4303 confes·
