3080 4788
877 401 976 447 nn
1025 398 1350 447 NATURA
1403 398 1723 450 nsonuu
1776 401 1860 449 11.
1906 387 2015 451 56.
2406 388 2544 457 979

335 542 583 627 quibus
635 546 820 607 artus
871 543 1341 624 continentur3
1404 562 1765 629 eorumque
1814 544 2349 627 implicationem
2398 554 2541 617 toto

335 652 662 728 corpore⁷
707 644 1180 727 pertinentem;
1224 644 1366 727 qui,
1397 646 1575 711 sieut
1612 664 1798 710 venas
1837 652 1907 712 et
1937 647 2215 723 arteriae,
2252 666 2293 711 a
2337 650 2540 715 corde

333 746 538 811 tracti
565 750 634 809 et
662 745 968 828 profecti,
994 746 1062 809 in
1092 764 1343 828 corpus
1371 764 1573 811 omne
1606 746 1953 811 ducuntur.
2040 764 2190 812 nvi.
2232 748 2384 813 140.
2424 752 2541 817 Ad

331 846 504 912 hanc
549 845 1036 929 providentiam
1079 851 1337 911 naturae
1387 855 1526 911 tani
1574 846 1957 929 diligentem
2006 855 2283 933 tamque
2330 852 2533 916 soler-

329 952 496 1024 tem,
528 947 804 1031 adjungi
849 947 1066 1012 multa
1103 954 1412 1030 possunt,
1443 967 1483 1013 e
1527 948 1775 1031 quibus
1802 948 2236 1029 intelligatur,
2267 958 2539 1033 quantae

331 1066 436 1111 res
481 1046 860 1113 hominibus
909 1068 950 1113 a
1001 1051 1174 1124 Deo,
1207 1068 1543 1133 quamque
1592 1050 1885 1125 eximiae,
1911 1050 2179 1115 tributae
2209 1050 2380 1131 sint;
2424 1054 2541 1135 qui

328 1148 612 1232 primum
656 1168 796 1228 eos,
829 1150 1028 1213 humo
1067 1150 1427 1227 excitatos,
1458 1151 1685 1216 celsos
1726 1155 1793 1215 et
1834 1157 2091 1217 erectos
2135 1152 2533 1231 constituit,¹

329 1254 403 1312 ut
445 1249 742 1315 Deorum
774 1250 1255 1332 cognitionem,
1287 1251 1538 1315 eoelum
1572 1250 1931 1329 intuentes,
1963 1270 2211 1335 capere
2242 1260 2534 1335 possent.

325 1350 497 1415 Sunt
540 1352 720 1415 enim
745 1370 785 1415 e
813 1356 988 1415 terra
1009 1358 1036 1387 ²
1063 1349 1395 1426 homineS,
1429 1370 1559 1417 non
1590 1359 1664 1416 ut
1692 1352 1937 1416 incolae
1967 1358 2173 1435 atque
2202 1352 2534 1419 habitato-

325 1468 458 1529 res,
488 1451 610 1515 sed
657 1453 854 1535 qnasi
899 1457 1318 1535 spectatores
1362 1468 1757 1535 superarum
1798 1470 2015 1517 rerum
2055 1460 2259 1537 atque
2294 1456 2534 1519 coeles-

325 1552 511 1627 tium,
547 1572 827 1635 quarum
859 1552 1332 1637 spectaculum
1364 1553 1450 1618 ad
1480 1553 1740 1617 nullum
1770 1553 1960 1618 aliud
1988 1573 2205 1636 genus
2234 1556 2533 1621 animan·

328 1655 495 1719 tium
539 1653 842 1736 pertinet.
930 1653 1186 1719 Sensus
1232 1659 1482 1730 autem,
1511 1654 1910 1735 interpretes
1939 1672 2021 1717 ac
2052 1656 2268 1719 nuntii
2294 1674 2531 1737 rerum,

321 1755 388 1819 in
423 1756 668 1837 capite,
701 1761 1024 1836 tanquam
1057 1755 1126 1817 in
1158 1773 1336 1827 arce,
1369 1753 1646 1819 mirifice
1676 1754 1765 1819 ad
1803 1771 1967 1817 usus
1996 1756 2417 1821 necessarios
2460 1765 2533 1823 et

321 1856 487 1921 faeti
531 1863 600 1919 et
641 1855 953 1919 collocati
985 1860 1156 1919 sunt.
1245 1852 1425 1919 Nam
1460 1854 1667 1931 oculi,
1698 1862 2009 1937 tanquam
2042 1854 2529 1937 speculatores,

323 1954 730 2020 altissimum
774 1956 1002 2019 locum
1047 1954 1366 2030 obtinent,
1397 1974 1488 2018 ex
1527 1973 1667 2037 quo
1700 1953 1987 2037 plurima
2018 1955 2527 2037 conspicientes,

319 2056 720 2137 fungantur³
767 2074 896 2119 suo
941 2074 1232 2121 munere.
1321 2054 1473 2118 141.
1520 2054 1612 2118 Et
1651 2059 1906 2129 aures,4
1935 2073 2089 2119 eum
2119 2074 2355 2121 sonum
2384 2078 2531 2141 per·

321 2156 548 2240 cipere
599 2157 906 2231 debeant,
956 2155 1076 2240 qui
1129 2162 1368 2222 natura
1423 2156 1715 2221 sublime
1762 2155 1989 2231 fertur,
2038 2162 2215 2221 recte
2260 2156 2327 2221 in
2373 2158 2531 2225 altis

323 2276 678 2339 corporum
704 2259 1006 2341 partibus
1027 2257 1381 2323 collocatae
1407 2264 1603 2323 sunt:
1638 2259 1931 2339 itemque
1952 2274 2171 2337 nares,
2196 2277 2280 2322 eo
2302 2258 2529 2342 quod⁵

321 2358 538 2423 omnis
583 2360 750 2426 odor
793 2359 880 2424 ad
928 2377 1179 2442 supera
1209 2359 1439 2436 fertur,
1469 2364 1655 2424 recte
1685 2376 1949 2424 sursum
1981 2364 2179 2423 sunt:
2224 2366 2315 2438 et,
2346 2359 2529 2444 quod

320 2461 454 2525 cibi
486 2465 554 2524 et
583 2462 872 2544 potionis
895 2462 1229 2545 judicium
1260 2481 1569 2544 magnum
1592 2479 1821 2526 earum
1844 2467 1976 2539 est,
2000 2479 2131 2524 non
2156 2459 2301 2524 sine
2322 2480 2529 2527 causa

319 2561 738 2628 vicinitatem
787 2565 926 2628 oris
973 2571 1224 2630 secutoe
1269 2571 1450 2628 sunt.
1539 2563 1587 2627 J
1591 2582 1701 2627 am
1748 2567 2073 2642 gustatus,
2116 2562 2235 2645 qui
2280 2565 2527 2629 sentire

315 2679 567 2737 eorum,
601 2663 851 2744 quibus
898 2663 1250 2739 vescimur,
1281 2682 1520 2744 genera
1564 2659 1809 2738 debet,⁶
1834 2662 2185 2736 habitatin
2215 2681 2298 2726 ea
2328 2673 2523 2745 parte

320 2763 480 2837 oris,
533 2781 665 2844 qua
720 2761 1092 2825 esculentis
1141 2767 1208 2826 et
1261 2761 1633 2845 potulentis
1691 2761 1817 2824 iter
1872 2769 2113 2824 natura
2173 2762 2524 2842 patefecit.

317 2863 580 2927 Tactus
609 2867 832 2928 autem
865 2869 1010 2927 toto
1043 2881 1326 2946 corpore
1357 2859 1773 2944 aequabiliter
1799 2859 1987 2926 fusus
2014 2865 2141 2936 est,
2174 2865 2251 2924 ut
2290 2881 2523 2929 omnes

1235 3029 1600 3052 ooneomue

319 3149 452 3212 conj.
463 3147 834 3213 fingendae-¹!
868 3145 1035 3196 codd.
1059 3146 1275 3210 aliquot,
1299 3158 1475 3207 mrsso
1499 3145 1692 3194 venet.
1712 3145 1859 3194 1⁶07.
1877 3143 2025 3194 sunt.
2046 3143 2247 3194 Victor.
2270 3146 2402 3195 Der.
2421 3161 2522 3197 eor-

312 3228 430 3277 pore
453 3219 566 3262 toto.
633 3213 843 3272 Statim,
881 3216 1050 3260 tracta·
1070 3217 1120 3259 et
1149 3210 1611 3274 proseetoe‘pinrimi
1630 3207 1785 3259 codd.
1806 3215 1859 3258 et
1884 3207 2001 3258 edd.
2026 3217 2158 3258 veit.
2182 3210 2342 3260 etiam
2364 3211 2523 3264 Grut-

317 3279 371 3327 ἐκ
393 3291 525 3325 omne
545 3290 712 3338 eorpus
733 3275 886 3338 Glog.
909 3283 967 3324 et
991 3275 1268 3324 Heindorf.

383 3339 522 3390 ΟΜ».
545 3354 656 3390 nvi.
723 3346 750 3389 1
783 3341 982 3389 Victor.
1003 3347 1058 3388 et
1079 3340 1248 3389 Orell.
1285 3353 1318 3388 a
1355 3338 1473 3388 Diis
1498 3372 1512 3387 .
1536 3369 1553 3386 .
1577 3369 1593 3384 .
1611 3351 1717 3400 qna
1742 3369 1755 3385 .
1778 3367 1795 3384 .
1818 3368 1832 3384 .
1853 3334 2140 3394 consuerat,-
2164 3335 2323 3399 Glog.
2355 3338 2523 3388 Hein-

315 3403 454 3455 dorf.
478 3405 684 3454 Schult-
703 3419 736 3452 a
757 3405 875 3452 Diis
895 3434 910 3450 .
933 3437 946 3453 .
971 3436 986 3452 .
1006 3403 1089 3465 qui
1111 3437 1125 3451 .
1148 3436 1163 3451 .
1188 3435 1202 3450 .
1225 3406 1592 3451 munerant.
1637 3399 1815 3450 Codex
1840 3411 1972 3449 unus
1995 3399 2195 3450 Moneri
2218 3399 2379 3451 habet
2412 3419 2523 3452 coa·

313 3469 550 3520 uitauit.
615 3469 723 3517 Pro
741 3473 938 3524 neem,
959 3467 1116 3516 codd.
1139 3468 1354 3531 aliquot,
1374 3467 1407 3518 J
1415 3473 1524 3515 unt.
1548 3467 1688 3514 Dav.
1704 3468 1977 3514 rectem—a
2013 3463 2139 3512 Sunt
2160 3465 2285 3512 enim
2304 3479 2369 3514 ex
2390 3472 2521 3515 terra

315 3547 500 3594 margo
515 3533 710 3582 Venet.
735 3537 877 3582 1607.
898 3531 1048 3582 Junt.
1073 3531 1280 3581 Victor.
1346 3531 1472 3580 Sunt
1493 3530 1618 3578 enim
1638 3530 1692 3578 in
1713 3533 1847 3576 terra
1882 3528 1948 3575 de
1988 3527 2193 3575 Davisii
2217 3529 2521 3592 conjectura

313 3597 522 3650 schulz.
574 3603 626 3645 ut
653 3597 862 3646 Deorum
881 3595 1213 3656 emittentem,
1248 3611 1275 3646 e
1310 3601 1442 3645 terra
1473 3595 1643 3642 ooelum
1674 3595 1913 3642 intuentes
1935 3605 2099 3651 cepere
2116 3597 2327 3653 merent.
2394 3595 2523 3644 Sunt

313 3661 442 3712 enim
461 3661 670 3710 homines
699 3659 766 3709 de
808 3661 1016 3709 Pesrcii
1052 3662 1351 3722 conjectura
1390 3659 1521 3707 Lali.
1558 3657 1795 3720 idemque
1837 3654 2090 3730 prob-pat
2132 3653 2411 3708 Heindorf.
2445 3660 2521 3710 ita

315 3735 494 3776 tamen
517 3733 575 3774 ut
600 3732 718 3788 pont
741 3739 788 3772 v.
807 3730 918 3773 sunt
939 3724 1066 3773 enim
1085 3724 1399 3773 insereretur
1417 3723 1470 3772 in
1491 3725 1639 3771 terra.
1684 3723 1878 3770 Moser.
1902 3733 2039 3781 conj.
2058 3723 2170 3768 sunt
2188 3719 2329 3782 enim,
2353 3723 2519 3772 etium.

313 3791 362 3840 a·
391 3790 570 3840 emani
603 3789 828 3842 homines,
860 3801 955 3837 non
997 3792 1066 3842 nt,
1104 3790 1186 3851 ξε.
1253 3789 1270 3816 ⁴
1304 3788 1535 3850 Vulgata
1568 3795 1713 3834 recte
1763 3799 1819 3835 se
1865 3783 2055 3833 babere
2100 3781 2327 3840 videtur,
2368 3789 2521 3836 modo

315 3853 638 3916 cogitatione
656 3854 846 3915 jungas
874 3867 901 3902 e
929 3856 1059 3900 terre
1075 3849 1397 3914 spectatam:
1429 3849 1696 3900 otest—³
1731 3848 1885 3912 Glog.
1922 3843 2058 3896 Red.
2100 3846 2373 3896 Heindorf.
2394 3850 2519 3908 sua·

309 3921 612 3980 genten—4
651 3919 814 3966 Etiam
845 3929 985 3966 aures
1017 3917 1156 3978 conj.
1189 3915 1468 3965 Heindorf.
1533 3915 1681 3970 Mox,
1713 3929 1881 3962 sonum
1898 3913 2108 3974 recipere
2131 3909 2278 3958 codd.
2304 3913 2519 3976 aliquot,

311 3973 2345 4104 mumistffissff‘amsa’²;.{1:¹¹;3';.'2·3’“‹353·'.¹⁹.“1{.553⁰³3;23:¹3?·..
2370 3977 2517 4103 1:312·

319 4111 528 4168 Statim,
555 4111 618 4158 ad
633 4110 875 4171 superiora
899 4121 1072 4170 margo
1093 4108 1241 4159 Junt.
1265 4109 1471 4158 Manut.
1497 4107 1679 4156 Lami).
1704 4103 1981 4155 Heindorf.
2050 4102 2219 4150 Paulo
2242 4109 2380 4165 post,
2400 4105 2517 4156 vici.

314 4176 495 4224 nitates
519 4175 726 4222 Ernesti
751 4187 930 4223 errore
952 4183 1160 4236 typogr.
1179 4178 1438 4224 ammeta
1459 4177 1572 4221 sunt
1599 4171 1756 4233 Glog.
1789 4169 1923 4218 Red.
1963 4163 2338 4218 HeindortZ—(i
2370 4167 2520 4222 Jum.

317 4237 522 4290 vietor.
556 4237 736 4290 Lami).
773 4239 828 4290 in
871 4251 1032 4302 marg.
1073 4237 1160 4289 ed.
1206 4241 1351 4289 1⁵84.
1401 4235 1557 4288 Grut.
1602 4237 1737 4286 Dav·
1776 4234 1983 4286 deberet.
2069 4231 2218 4289 Mox,
2255 4233 2519 4294 poculentis
