3080 4788
523 333 653 400 498
1289 352 1368 400 u.
1413 351 1484 398 τ.
1515 349 1936 400 menuctus

781 492 1122 577 Europam
1153 493 1609 576 Libyamque‘
1636 513 1857 576 rapax
1888 491 2009 558 ubi
2035 491 2277 558 dividit
2306 493 2517 572 unda3

524 594 708 678 quod
739 594 1006 660 tandem
1035 594 1506 677 spectaculum
1528 594 1667 658 fore
1696 600 2041 677 putamuS,
2062 613 2216 659 cum
2242 601 2450 660 totam
2474 603 2717 661 terram

519 696 822 762 contueri
862 695 1118 772 licebit,
1149 693 1428 778 ejusque
1471 713 1627 759 cum
1658 695 1883 773 situm,
1914 695 2214 770 formam,
2246 696 2715 780 circumscrip-

517 797 794 874 tionem,
825 800 962 860 tum
1004 803 1076 858 et
1110 795 1516 860 habitabiles
1533 795 1863 877 regiones,
1894 805 1967 860 et
1998 815 2259 860 rursum
2290 797 2471 861 omni
2504 796 2717 875 cultu,

515 903 782 981 propter
810 897 948 963 vim
973 896 1240 979 frigoris
1271 904 1392 961 aut
1431 897 1701 975 caloris,
1734 898 2101 962 vacantes?
2189 896 2299 960 46.
2344 896 2499 961 Nos
2540 897 2717 962 enim

515 1017 602 1063 ne
649 1017 823 1063 nunc
861 995 1133 1082 quidem
1173 997 1391 1062 oculis
1421 997 1752 1061 cernimus
1782 1015 1888 1069 ea,
1915 1017 2067 1081 quae
2097 995 2409 1062 videmus
2437 1019 2453 1060 t
2501 1015 2715 1080 neque

513 1102 686 1166 enim
716 1105 861 1164 est³
892 1098 1068 1163 nllus
1100 1117 1340 1163 sensus
1369 1097 1437 1162 in
1467 1117 1795 1181 corpore;
1841 1098 1962 1162 sed
1996 1101 2100 1175 (nt
2135 1116 2269 1161 non
2296 1098 2515 1162 solum
2549 1097 2716 1181 phy-

515 1201 647 1264 sici
691 1200 956 1277 dooent,
997 1217 1228 1263 verum
1273 1199 1472 1264 etiam
1517 1198 1782 1275 medici,
1812 1198 1931 1282 qui
1972 1199 2105 1263 ista
2142 1206 2380 1281 aperta
2420 1203 2486 1265 et
2528 1205 2713 1282 pate-

511 1301 694 1366 facta
715 1299 1045 1380 viderunt)
1069 1299 1198 1364 vioe
1228 1299 1422 1383 quasi
1453 1299 1765 1382 quaedam
1798 1297 2065 1363 suntad
2088 1299 2353 1372 oculos,
2378 1298 2467 1364 ad
2492 1317 2711 1376 aures,

513 1401 602 1466 ad
630 1419 828 1465 nares
871 1419 916 1464 a
953 1399 1112 1464 sede
1142 1400 1347 1464 animi
1376 1399 1757 1482 perforatae.
1845 1399 2089 1482 Itaque
2118 1417 2305 1482 saepe
2336 1405 2502 1464 aut*
2530 1400 2713 1482 cogi-

511 1502 792 1576 tatione,
821 1507 945 1565 ant
967 1501 1193 1584 aliqua
1227 1503 1293 1564 vi
1320 1501 1531 1565 morbi
1559 1501 1890 1584 impediti,
1922 1501 2181 1583 apertis
2210 1507 2415 1584 atque
2440 1500 2715 1582 integris

511 1607 580 1666 et
620 1601 840 1666 oculis
869 1608 942 1666 et
970 1601 1268 1692 auribus,
1298 1619 1425 1664 nec
1470 1600 1799 1676 videmus,
1830 1620 1955 1666 nec
2000 1600 2340 1665 audimus:
2393 1607 2469 1665 ut
2512 1599 2713 1666 facile

510 1703 801 1785 intelligi
843 1703 1090 1786 possit,
1127 1702 1420 1766 animum
1463 1709 1558 1780 ct,
1578 1701 1828 1780 videre,
1856 1707 1923 1766 et
1956 1701 2212 1778 audire,
2243 1721 2379 1765 non
2406 1719 2526 1764 eas
2558 1720 2713 1784 par-

509 1810 638 1880 tes,
669 1821 822 1886 quae
847 1801 1047 1884 quasi
1075 1801 1382 1866 senestrae
1415 1805 1608 1865 sunt⁵
1649 1801 1895 1882 animi3
1939 1801 2183 1883 quibus
2214 1806 2435 1866 tamen
2465 1801 2711 1866 sentire

507 1901 671 1966 nihil
698 1908 906 1985 queat
932 1921 1147 1978 mens,
1177 1901 1309 1964 nisi
1331 1901 1400 1965 id
1431 1907 1615 1983 agat,
1646 1907 1713 1966 et
1740 1901 1940 1966 adsit.
2026 1899 2234 1980 Quid,
2256 1901 2442 1984 quod
2472 1900 2713 1966 eadem

505 2010 732 2066 mente
773 2021 880 2066 res
921 2001 1408 2066 dissimillimas
1451 2002 2102 2085 comprehendimus,
2132 2009 2209 2066 ut
2251 2002 2572 2075 colorem,
2602 2022 2715 2068 sa·

504 2121 756 2185 potem,
780 2099 1124 2174 calorem,⁶
1165 2101 1462 2180 odorem,
1493 2104 1785 2168 sonum?
1832 2121 1989 2187 quae
2035 2121 2374 2186 nunqnam
2414 2103 2708 2187 quinque

503 2202 755 2267 nuntiis
791 2203 1056 2266 animus
1085 2207 1538 2283 cognosceret,
1570 2201 1705 2266 nisi
1735 2202 1822 2266 ad
1856 2221 2012 2266 eum
2042 2202 2273 2266 omnia
2303 2203 2731 2281 referrentur,·

505 2310 577 2366 et
606 2301 667 2366 is
698 2301 990 2367 omnium
1011 2300 1233 2384 judex
1264 2300 1456 2364 solus
1485 2309 1685 2365 esset.
1774 2299 2005 2386 Atque
2048 2321 2137 2367 ea
2172 2302 2477 2386 profecto
2524 2312 2711 2368 tum⁷

501 2404 720 2468 multo
763 2404 1032 2485 puriora
1074 2409 1148 2467 et
1190 2401 1595 2467 dilucidiora
1642 2412 2009 2481 cernentur,
2051 2422 2228 2481 cum,
2286 2423 2417 2488 quo
2472 2410 2713 2471 natura

503 2503 657 2579 fert,
709 2503 878 2568 liber
933 2503 1193 2567 animus
1251 2504 1643 2587 pervenerit.
1748 2505 1860 2569 47.
1912 2504 2095 2570 Nam
2146 2524 2320 2569 nunc
2340 2502 2365 2540 ⁸
2414 2505 2710 2589 quidem,

505 2622 891 2687 quanquam
925 2603 1255 2669 foramina
1275 2605 1415 2683 illa,
1439 2624 1593 2688 quae
1627 2610 1859 2688 patent
1884 2605 1973 2669 ad
2003 2604 2297 2671 animum
2329 2626 2374 2671 a
2400 2624 2709 2688 corpore,

503 2704 944 2770 callidissimo
989 2704 1277 2771 artificio
1326 2712 1565 2771 natura
1607 2706 1938 2773 fabricata
1991 2713 2120 2783 est,
2165 2712 2391 2771 tamen
2434 2706 2710 2773 terrenis

1423 2884 1786 2908 ,mmm

500 2980 586 3025 aut
619 2974 688 3023 hi,
751 2972 902 3030 Mox,
933 2974 1021 3022 iila
1051 2974 1266 3023 viderent
1288 2973 1480 3025 Vener.
1506 2980 1652 3026 1481.
1682 2976 1927 3025 Beroald.
1955 2974 2177 3039 Argent.
2199 2976 2401 3025 Erum.
2420 2975 2566 3025 Crat·
2626 2976 2713 3025 illc

500 3038 724 3087 video-m
763 3036 832 3085 U.
891 3036 980 3085 illa
1011 3036 1222 3085 viden-t
1259 3038 1394 3087 Dav.
1459 3038 1581 3089 Hoc
1612 3039 1835 3115 viderunt
1867 3040 2143 3089 delendum
2184 3040 2433 3089 censebat
2478 3040 2710 3090 Ernesti.

501 3100 671 3150 Paulo
694 3106 831 3161 post,
849 3100 977 3147 tueri
995 3098 1154 3148 licebit
1140 3100 1381 3211 Dm
1401 3102 1611 3153 Manut-
1672 3103 1775 3163 ejus
1805 3105 2037 3179 concitum·
2050 3102 2259 3162 sermm
2282 3104 2356 3153 D.
2421 3104 2529 3152 Pro
2548 3108 2651 3151 ιιιιιι
2670 3119 2712 3165 χ

497 3164 656 3213 habet
675 3164 843 3212 animi.
845 3164 940 3210 —8
977 3161 1105 3211 Re.
1191 3177 1270 3213 ιν.
1307 3164 1474 3217 Orell.
1512 3181 1664 3230 neque
1697 3172 1770 3216 est
1804 3166 1949 3217 enim.
2013 3166 2162 3231 Mox,
2180 3166 2369 3231 physici
2400 3168 2549 3216 nolam
2570 3166 2709 3229 Reg.

503 3162 1294 3291 Dav.0re11.w1mpnptei
1315 3246 1347 3277 ι.
1408 3236 1458 3280 et
1486 3230 1730 3293 patffactc
1752 3230 1999 3279 omittunt
2021 3232 2069 3279 E
2084 3234 2127 3291 ε.
2126 3202 2223 3281 '—4
2259 3230 2429 3293 naqa
2449 3244 2587 3305 cepo
2594 3236 2643 3279 et
2664 3230 2711 3280 E

499 3294 638 3353 ε.-5
674 3291 806 3353 Reg-
829 3240 1438 3365 Du,·1.·p.3ent1.et
1461 3294 1596 3343 Du.
1614 3294 1733 3342 sint.
1798 3294 2011 3350 Statim,
2034 3294 2268 3343 nemin-in
2295 3294 2343 3341 U
2370 3308 2429 3353 χ.
2492 3293 2588 3342 nisi
2618 3296 2713 3345 nli·

497 3355 616 3467 aad
645 3360 782 3415 agae,
803 3353 1002 3403 omissio
1023 3358 1073 3404 et
1105 3354 1254 3412 ndait,
1277 3359 1362 3419 ψΙ
1369 3362 1484 3406 .-6
1515 3358 1563 3407 Ε
1598 3360 1622 3417 ξ
1656 3358 1877 3420 σαῖσι-ειη,
1911 3372 1956 3407 ε.
1991 3358 2207 3407 σοῖσι-οη.
2274 3357 2440 3405 Paulo
2479 3362 2619 3419 post,
2653 3364 2711 3407 nt

553 3432 629 3468 em
652 3420 858 3467 οιιιιιίιιιιι
881 3416 1002 3467 cdd.
1024 3420 1294 3482 antiquins.
1315 3420 1496 3469 bamb.
1519 3420 1679 3470 Wolf.
1705 3392 1913 3469 Schutz.
1938 3420 2105 3471 Orell·
2141 3420 2562 3469 didmomnium
2619 3436 2710 3471 un-

501 3488 624 3531 tnor
645 3482 798 3530 codd.
818 3481 994 3532 Oxou.
1011 3482 1200 3532 Venet.
1225 3487 1368 3533 1480.
1369 3488 1466 3534 -7
1503 3484 1693 3546 Coei-x
1716 3489 1887 3533 tamem
1945 3484 2093 3533 Idem
2117 3482 2235 3533 eod.
2256 3483 2451 3533 omittit
2472 3490 2519 3533 et
2533 3484 2585 3533 aa·
2606 3485 2711 3533 aei·

499 3544 656 3592 diora.
719 3543 994 3601 Actutum,
1027 3551 1390 3607 cernerentur-t.
1452 3562 1559 3596 cum
1590 3562 1644 3595 eo
1652 3500 1773 3611 κῃιιο
1812 3547 1882 3596 D.
1938 3548 2061 3597 liber
2096 3548 2293 3596 omittit
2326 3550 2364 3609 ψ
2394 3552 2444 3597 2.
2446 3552 2543 3595 -8
2576 3548 2713 3597 Nam

499 3622 618 3681 eum.
629 3621 750 3655 nune
772 3609 809 3669 ψ
833 3610 880 3654 1.
943 3606 1088 3656 Idem
1114 3610 1230 3657 cod.
1251 3611 1447 3659 omittit
1465 3612 1693 3675 artificio.
1754 3612 1967 3673 Statim,
1988 3626 2020 3660 c
2040 3611 2243 3660 terrenis
2264 3628 2315 3666 σ.
2338 3610 2477 3660 unde
2498 3610 2710 3661 Wakef.

501 3669 640 3733 conj
626 3685 718 3720 ea
739 3670 960 3719 terrenis.
1023 3670 1159 3721 Tum
1183 3678 1296 3721 me
1315 3673 1579 3736 intercepta
1604 3674 1733 3724 Lall.
1756 3688 1932 3725 errore
1958 3680 2164 3738 typogr.
2222 3676 2319 3725 nint
2342 3676 2633 3739 intersaepta
2652 3691 2709 3737 κ.

1493 3832 1711 3883 No‘rAE

501 3934 588 3999 qni
632 3934 784 3996 primi
835 3932 1101 3983 Oceanum
1151 3933 1413 3997 viderunt,
1462 3950 1559 3987 nec
1640 3936 1769 3986 illud
1801 3950 2008 3985 carmen
2050 3936 2303 3987 incertum
2328 3944 2428 3987 ent.
2498 3936 2709 3987 citatur

497 4008 662 4058 tradit
687 4006 1032 4071 Polyd.virg.
1061 4020 1160 4057 nec
1192 4006 1345 4058 facile
1369 4017 1449 4059 ent
1473 4024 1558 4060 su·
1640 4024 1845 4073 quoque
1886 4010 1951 4058 de
1991 4011 2116 4061 Nat.
2150 4012 2314 4061 Deor.
2336 4013 2425 4062 lib.
2450 4026 2537 4064 111.
2596 4011 2706 4063 Sed

500 4082 708 4147 spicari.
1641 4082 1713 4135 ibi
1732 4098 1934 4149 quoque
1958 4086 2139 4137 siletur
2157 4096 2352 4139 auctor.

563 4166 584 4190 ¹·
617 4158 858 4221 Europam
899 4156 1215 4223 Libyamque]
1292 4158 1448 4222 Cujus
1491 4160 1562 4208 sit
