3080 4788
483 337 619 406 874
1245 353 1325 404 ιι.
1368 351 1439 403 τ.
1484 351 1896 404 cronnoms

488 495 745 580 pocula
802 494 1329 562 ministrantem:
1392 499 1465 560 tu
1520 501 1774 573 autem,
1830 494 2144 579 Epicure,
2199 493 2368 580 quid
2421 495 2632 562 facies
2655 498 2689 562 ’ἲ

486 617 709 682 neque
760 598 961 677 enim,
1017 598 1194 663 unde
1247 597 1493 664 habeat
1535 597 1672 663 ista
1730 599 1922 664 Deus
1979 605 2168 676 tuus,
2225 597 2692 670 videet-nec?

454 700 825 788 ‘quomodo
870 706 1113 766 utatur.
1200 698 1635 783 Locupletior
1671 698 1875 781 igitur
1924 697 2265 763 hominnm
2309 704 2548 765 natura
2595 698 2688 762 ad

488 803 689 868 beate
718 801 1077 867 vivendum
1108 806 1234 879 est,
1280 818 1481 885 quam
1529 801 1856 875 Deorum,
1911 799 2094 882 quod
2137 799 2450 882 pluribus
2491 819 2686 882 gene·

488 903 675 968 ribus
696 901 933 969 fruitur
962 902 1401 986 voluptatum.
1488 900 1642 966 113.
1685 899 1781 968 At
1807 902 1928 966 has
1953 901 2248 966 leviores
2275 901 2472 966 ducis
2495 899 2525 942 ⁶
2568 921 2684 966 vo-

486 1005 803 1089 luptateS,
850 1005 1099 1089 quibus
1141 1004 1337 1087 quasi
1382 1003 1678 1070 titillatio
1705 1002 2014 1088 (Epicuri
2043 1003 2215 1067 enim
2245 1002 2380 1069 boc
2409 1005 2685 1068 verbum

490 1110 623 1186 est)
680 1106 995 1171 sensibus
1068 1105 1438 1172 adhibetur.
1527 1103 1904 1188 Quousque
1977 1104 2152 1169 ludis
2177 1104 2209 1168 'l
2270 1123 2425 1170 nam
2487 1105 2686 1172 Philo

486 1210 689 1274 etiam
712 1216 739 1258 ⁷
782 1214 1007 1272 noster
1032 1206 1199 1271 ferre
1228 1226 1359 1272 non
1390 1210 1684 1290 poterat,
1729 1207 2068 1288 aspernari
2115 1205 2490 1289 Epicureos
2517 1207 2690 1272 mol-

486 1313 591 1384 les
620 1319 686 1376 et
714 1310 1039 1375 delicatas
1067 1309 1501 1393 voluptates:
1548 1327 1817 1374 summa
1843 1309 2023 1372 enim
2053 1309 2377 1373 memoria
2401 1329 2684 1392 pronun-

486 1413 701 1478 tiabat
730 1411 1053 1494 plurimas
1082 1411 1361 1494 Epicuri
1392 1411 1790 1489 sententias,
1815 1411 1921 1476 his
1951 1411 2124 1496 ipsis
2161 1411 2409 1491 verbis,
2439 1413 2686 1496 quibus

482 1519 672 1578 erant
696 1513 988 1596 scriptae.
1070 1510 1441 1598 Metrodori
1464 1507 1493 1546 ‘¹
1539 1530 1718 1584 vero,
1769 1513 1884 1597 qui
1933 1521 2042 1578 est
2093 1512 2374 1596 Epicuri
2421 1514 2687 1598 collega

487 1615 869 1697 sapientiae,
921 1613 1135 1680 multa
1172 1613 1672 1697 impudentiora
1709 1615 2060 1682 recitabat.
2153 1613 2458 1680 Accusat
2507 1618 2686 1682 enim

487 1716 970 1794 Timocratem,
1027 1715 1297 1782 fratrem
1354 1733 1578 1793 suum,
1653 1713 2112 1794 Metrodorus,
2174 1715 2360 1799 quod
2419 1715 2686 1782 dubitet

490 1817 739 1894 omnia,
795 1837 947 1902 quae
992 1816 1081 1881 ad
1130 1817 1399 1883 beatam
1455 1815 1666 1882 vitam
1717 1816 2114 1901 pertineant,
2165 1823 2390 1881 ventre
2431 1818 2686 1883 metiri:

484 1937 709 2003 neque
738 1919 805 1982 id
835 1917 1043 1984 semel
1070 1916 1261 1998 dicit,
1290 1915 1411 1982 sed
1432 1917 1710 2002 saepius.
1798 1915 2112 1984 Annuere
2139 1923 2208 1984 te
2235 1918 2477 1986 video:
2523 1925 2687 1984 nota

490 2021 670 2086 enim
701 2022 825 2088 tibi
854 2027 1034 2085 sunt.
1092 2018 1459 2085 Proferrem
1489 2018 1723 2094 libros,
1755 2019 1814 2084 si
1843 2038 2152 2102 negares.
2239 2019 2484 2106 Neque
2507 2040 2686 2086 nunc

487 2122 918 2208 reprebendo,
947 2121 1129 2206 quod
1160 2120 1247 2186 ad
1282 2120 1701 2204 voluptatem
1741 2119 1972 2194 omnia
2011 2121 2384 2187 referantur
2403 2142 2424 2202 3
2446 2121 2473 2160 ⁸
2513 2121 2688 2206 (alia

486 2231 593 2290 est
616 2225 1027 2309 eaquaestio)
1052 2223 1167 2288 sed
1198 2223 1437 2301 doceo,
1480 2223 1666 2288 Deos
1694 2231 2144 2288 vestros-esse
2172 2223 2536 2307 voluptatis
2565 2242 2685 2289 ex-

484 2331 749 2411 pertes;
792 2327 909 2406 ita,
941 2330 1161 2392 vestro
1179 2324 1465 2409 judicio,
1496 2343 1582 2389 ne
1604 2325 1837 2390 beatos
1866 2324 2166 2409 quidem.
2247 2340 2416 2392 xm.
2443 2323 2543 2390 At
2563 2323 2686 2402 do-

488 2427 632 2493 lore
652 2436 673 2467 ¹
722 2435 985 2495 vacant.
1072 2426 1282 2495 Satin'
1332 2434 1441 2493 est
1487 2427 1559 2493 id
1611 2426 1700 2493 ad
1741 2427 1926 2493 illam
1982 2427 2430 2493 abundantem
2489 2430 2686 2494 bonis

486 2530 695 2605 vitam
717 2530 1180 2596 beatissimam
1202 2531 1233 2595 'l
1322 2530 1477 2597 114.
1522 2527 1820 2613 Cogitat,
1849 2530 2188 2615 inquiunt,
2225 2530 2688 2597 assidue-bea-

1406 2698 1705 2723 ”eoeuoeo
1711 2698 1770 2721 00

487 2786 695 2837 Scbntn.
713 2785 885 2837 Nobb.
917 2786 1397 2848 'rumam-tutem
1419 2786 1462 2837 Α
1479 2786 1551 2844 G,
1572 2784 1742 2837 Paris.
1759 2790 1805 2835 1.
1824 2790 1873 2836 8.
1891 2785 1940 2835 U
1961 2784 2012 2836 Η
2028 2786 2080 2848 1,
2101 2784 2238 2835 Gud.
2254 2788 2306 2834 Ξ.
2337 2786 2576 2835 Jmuent
2597 2786 2688 2835 1...

486 2856 583 2900 ——6
612 2851 792 2901 Lamb.
814 2858 1075 2915 nequa—6
1097 2852 1231 2901 Red.
1254 2850 1535 2902 Heindorf.
1567 2853 1777 2902 Schuts.
1803 2850 1978 2901 Nobb.
2006 2852 2147 2900 dicis.
2212 2852 2360 2909 Mox,
2385 2856 2459 2899 ert
2491 2850 2692 2901 omittit

486 2916 693 2966 Manut-
722 2915 975 2965 adhibetur
1002 2916 1214 2966 aaran
1250 2918 1448 2966 Elienr.
1474 2920 1522 2966 1.
1543 2921 1596 2967 2.
1623 2916 1756 2979 Reg.
1794 2914 1837 2965 Α
1869 2916 1910 2964 Β
1937 2916 1980 2965 C
2003 2916 2054 2965 H
2081 2915 2107 2965 1
2131 2916 2190 2965 M
2215 2917 2287 2978 N,
2322 2915 2492 2965 Parit.
2515 2918 2559 2964 1.
2576 2920 2624 2965 2.
2643 2919 2695 2966 8.

486 2981 693 3031 Gud.8.
734 2980 887 3031 Junt.
922 2980 1117 3031 Victor.
1158 2982 1292 3030 Dav.
1322 2982 1523 3031 Thoan.
1565 2979 1797 3044 Her'vag.
1820 2979 1990 3030 Orell.
2018 2981 2231 3031 rensibus
2249 2979 2536 3029 adhibeatur
2557 2980 2689 3029 E.—

485 3046 517 3093 ⁷
556 3046 684 3094 Nam
703 3044 848 3094 etium
872 3044 1015 3093 Philo
1038 3045 1193 3108 Glog.
1216 3044 1416 3096 Victor.
1436 3044 1620 3095 Lamb.
1643 3044 1874 3107 Hervag.
1929 3044 2061 3093 Nam
2081 3044 2206 3095 enim
2228 3044 2370 3093 Philo
2409 3044 2540 3093 ned.
2570 3043 2619 3094 A
2641 3044 2688 3094 B

487 3110 533 3159 C
555 3108 605 3159 G
633 3108 685 3159 H
710 3108 735 3157 1
766 3110 835 3169 N,
858 3108 1000 3159 Gud.
1022 3114 1071 3158 2.
1107 3110 1276 3159 Paris.
1304 3114 1350 3159 1.
1372 3114 1422 3160 2.
1445 3114 1494 3159 8.
1528 3110 1575 3159 Ε
1597 3108 1667 3159 U.
1699 3109 1846 3159 etiam
1865 3108 2116 3159 omittunt
2136 3108 2290 3158 codd.
2313 3108 2534 3173 aliquot,
2553 3122 2690 3157 mar·

478 3188 551 3237 go
575 3173 765 3223 venet.
789 3178 934 3223 1⁵⁰7.
970 3173 1191 3224 Arcem.
1214 3174 1418 3223 Thoan.
1483 3172 1654 3222 Panlo
1678 3181 1816 3236 port,
1842 3174 1908 3223 r'ir
1939 3173 2060 3236 ipsiu
2091 3172 2247 3222 uerbis
2276 3172 2478 3222 Manut.
2510 3173 2572 3223 ab
2605 3174 2690 3221 illo

482 3244 623 3288 erant
640 3236 835 3300 scripta
868 3238 1007 3302 conj.
1036 3235 1408 3288 Heindorf.-8
1444 3237 1536 3289 La.
1559 3237 1716 3299 Gloss.
1739 3235 2018 3288 Heindorf.
2041 3238 2248 3288 Selium.
2273 3237 2472 3288 Moser.
2505 3238 2690 3298 ¹·qu-

484 3303 569 3354 tt‘r.
634 3302 845 3365 Statim,
863 3304 1119 3366 uoluptatis
1136 3318 1237 3353 erre
1262 3303 1392 3353 aed.
1416 3300 1689 3353 Heindorf.
1711 3302 1909 3352 Moser.

550 3368 689 3418 CAP.
730 3380 843 3418 xm.
910 3372 937 3417 1
978 3370 1017 3417 A
1042 3370 1202 3418 dolore
1240 3366 1294 3417 H
1328 3369 1408 3429 M,
1445 3366 1658 3417 Ouid-2.
1693 3366 1862 3416 Paris.
1884 3371 1934 3417 1.
1956 3370 2005 3416 Ξ.
2028 3369 2078 3417 8.
2115 3366 2161 3415 E
2183 3366 2254 3415 Ο.
2317 3366 2465 3427 Mox,
2497 3365 2686 3416 Satin’

480 3436 555 3481 ert
594 3432 771 3483 Lamb.
804 3433 890 3481 Sat
912 3432 1037 3482 inest
1063 3432 1108 3481 A
1133 3446 1164 3481 a
1184 3446 1253 3481 m.
1278 3446 1356 3495 pr.
1376 3439 1430 3480 et
1452 3434 1506 3495 ψ.
1573 3431 1667 3481 Sat
1689 3431 1741 3480 id
1760 3437 1833 3481 ert
1866 3432 1912 3479 A
1941 3446 1972 3479 a
1993 3444 2183 3481 macc.
2231 3431 2366 3480 Satis
2387 3437 2454 3480 m
2480 3431 2542 3481 Ε.
2593 3430 2690 3479 Sa·

484 3497 697 3547 “renim
720 3497 887 3547 Paris.
909 3499 957 3547 8.
1010 3496 1172 3548 Satin’
1208 3497 1336 3548 enim
1370 3496 1526 3561 Glog.
1580 3496 1776 3547 Satisne
1793 3500 1866 3546 ert
1889 3495 2024 3547 Red.
2055 3498 2119 3545 nd
2153 3495 2300 3545 clim
2333 3494 2457 3545 edd.
2490 3501 2691 3545 vett.—

1480 3646 1696 3699 1⁴01·AE

486 3755 540 3805 in
564 3752 785 3819 quodam
808 3752 1065 3811 convivio,
1102 3752 1167 3803 de
1196 3768 1296 3817 quo
1328 3752 1548 3805 Homer.
1629 3751 1810 3803 fuisse.
1860 3754 1988 3805 Nat.
2008 3754 2157 3806 Com.
2175 3767 2239 3804 ιι.
2259 3760 2311 3804 6.

466 3831 645 3882 -ῙΙὶιιΙ.
676 3836 737 3880 Α.
768 3836 783 3859 ·
802 3832 943 3881 iuter
978 3830 1374 3881 ministrandu-
1406 3828 1548 3882 forte
1689 3829 1716 3865 ⁴¹
1751 3830 2056 3893 Metrodori]
2111 3832 2232 3881 Non
2273 3830 2550 3893 collegam,
2591 3830 2687 3881 red

484 3908 733 3970 collapsa,
753 3906 987 3957 vestibus
1020 3907 1269 3956 indecore
1292 3906 1546 3965 reductis,
1625 3905 1940 3970 discipulum
2009 3906 2228 3971 Epicuri
2297 3904 2462 3957 fuir-e
2524 3906 2692 3959 tradit

486 3985 557 4037 ab
602 3984 774 4036 officio
816 3993 1015 4034 remota
1058 3992 1156 4045 est,
1198 3993 1251 4034 et
1296 3982 1547 4035 suffectos
1627 3982 1890 4045 laertius,
1911 3982 2180 4048 additque,
2203 3996 2362 4032 unum
2391 3982 2532 4033 bunc
2553 3996 2584 4033 e
2609 3991 2694 4033 to·

486 4058 856 4126 Ganymedes!
917 4059 1113 4109 Volunt
1156 4058 1243 4109 alii
1282 4058 1544 4124 Ganyme·
1627 4064 1683 4107 ta
1705 4057 2080 4121 Epicureorum
2095 4058 2274 4111 schola
2295 4064 2469 4110 castra
2493 4058 2690 4124 Epicu-

484 4136 604 4187 dem
626 4137 783 4187 solius
800 4134 969 4194 sevis,
1006 4133 1195 4184 Heben
1232 4142 1406 4185 autem
1432 4149 1543 4184 om·
1624 4132 1668 4184 ri
1703 4132 2017 4184 deseruisse.

484 4212 629 4263 nium
666 4212 894 4262 Deorum
938 4208 1223 4261 ministram
1266 4224 1299 4261 a
1340 4209 1539 4276 poculis
