3080 4788
503 344 637 411 612
1288 354 1365 403 u.
1410 352 1481 402 τ.
1526 351 1931 403 cronacum

506 504 665 569 dine
691 508 761 567 et
788 500 1185 586 cupiditate,
1219 498 1333 583 qui
1366 496 1631 563 tandem
1663 502 1952 580 possunt
1977 496 2046 561 in
2075 514 2359 581 corporo
2387 516 2544 561 esse
2573 516 2717 580 gra·

504 607 773 673 viores?
886 602 1025 683 Qui
1078 618 1236 666 vero
1265 608 1293 637 ²
1342 598 1616 683 probari
1667 605 1922 682 potest,
1977 605 2054 662 ut
2099 598 2233 661 sibi
2281 599 2527 662 mederi
2575 598 2720 663 ani-

506 721 663 771 mus
704 724 833 770 non
890 704 1131 787 possit,
1176 720 1333 767 cum
1377 700 1598 783 ipsam
1651 698 2052 764 medicinam
2097 702 2402 783 corporis
2449 700 2718 764 animus

506 806 858 882 invenerit,
902 822 1191 887 cumque
1238 801 1323 867 ad
1380 820 1738 886 corporum
1780 801 2202 866 sanationem
2252 803 2526 865 multum
2567 802 2722 883 ipsa

506 926 797 992 corpora
839 912 907 971 et
944 915 1181 971 natura
1212 905 1509 980 valeant,
1553 922 1675 967 nec
1723 922 1980 979 omues,
2023 904 2140 986 qni
2174 907 2392 968 curari
2425 922 2498 967 se
2529 903 2720 986 passi

506 1016 677 1085 snut,
710 1008 1027 1074 continuo
1056 1009 1263 1071 etiam
1294 1006 1810 1069 convalescant:
1844 1006 2047 1067 animi
2077 1011 2318 1079 autem,
2345 1004 2464 1087 qui
2495 1004 2721 1069 sanari

507 1111 863 1186 voluerint,
892 1108 1387 1193 praeceptisque
1416 1106 1822 1189 sapientium
1865 1105 2220 1188 paruerint,
2253 1106 2400 1168 siue
2431 1106 2572 1168 ulla
2599 1104 2720 1169 du·

508 1211 833 1276 bitatione
862 1210 1227 1275 sanentur?
1314 1213 1381 1273 6.
1431 1208 1557 1273 Est
1586 1208 1895 1292 profecto
1926 1208 2132 1271 animi
2155 1202 2546 1281 medicina,‘¹
2569 1206 2723 1289 phi·

507 1311 839 1395 Iosophia,
872 1312 1067 1394 cujus
1110 1310 1432 1375 auxilium
1466 1328 1621 1384 non,
1651 1316 1727 1373 ut
1755 1310 1824 1373 iu
1855 1309 2160 1391 corporis
2193 1309 2462 1382 morbis,
2491 1316 2721 1390 peten-

512 1410 670 1476 dum
702 1420 811 1477 est
849 1412 1049 1476 foris:
1096 1413 1542 1494 omnibusque
1572 1412 1846 1494 opibus,
1877 1412 2184 1488 viribus‚³
2215 1417 2286 1474 ut
2321 1409 2723 1492 nosmetipsi

512 1514 705 1578 nobis
745 1514 995 1577 mederi
1036 1516 1399 1595 possimus,
1455 1512 1932 1577 elaborandum
1975 1518 2100 1576 est.
2194 1510 2600 1595 Quanquam
2638 1510 2726 1575 ds

511 1615 821 1679 universa
866 1614 1324 1699 philosophia,
1358 1620 1822 1697 quantopere⁴
1862 1612 2238 1696 expetenda
2278 1622 2462 1679 esset
2497 1620 2566 1677 ct
2611 1632 2727 1676 co-

508 1716 727 1791 lenda,
788 1718 983 1793 satis,
1042 1722 1115 1779 ut
1165 1717 1469 1791 arbitror,
1526 1716 1786 1781 dictum
1837 1724 1946 1781 cst
1991 1718 2057 1779 iu
2101 1714 2525 1779 Hortensia·
2611 1716 2724 1779 Dc

511 1818 829 1881 maximis
872 1824 1099 1882 autem
1144 1813 1389 1881 rebus‘
1430 1816 1592 1881 nihil
1635 1815 1779 1880 fere
1819 1816 2298 1880 intermisimus
2329 1821 2566 1898 postea
2599 1834 2725 1881 nec

512 1918 859 1999 disputare
888 1936 1011 1981 nec
1041 1918 1355 1981 scribere.
1440 1916 1580 1981 His
1610 1924 1838 1981 autem
1869 1918 2062 1981 libris
2093 1918 2408 2000 exposita
2439 1924 2594 1980 suut
2617 1936 2725 1992 ca,

513 2034 667 2101 quae
712 2037 754 2083 a
802 2018 1001 2084 uobis
1048 2038 1198 2083 cum
1234 2018 1684 2083 familiaribus
1727 2020 1978 2082 nostris
2013 2020 2085 2083 in
2111 2018 2508 2083 Tusculano
2537 2028 2728 2082 erant

512 2119 877 2201 disputata.
954 2118 1085 2183 Sed
1122 2121 1441 2202 quoniam
1473 2119 1737 2183 duobus
1769 2118 2372 2202 superioribus‚·dc
2403 2126 2616 2181 morte
2656 2124 2726 2183 et

514 2220 601 2284 dc
632 2220 861 2284 dolore
887 2220 1137 2284 dictum
1170 2228 1299 2298 cst,
1334 2221 1574 2285 tertius
1602 2220 1746 2283 dics
1783 2220 2270 2303 disputationis
2300 2219 2430 2283 hoc
2459 2221 2724 2284 tertium

510 2322 825 2386 volumen
858 2320 1117 2386 efficiet.
1206 2322 1271 2385 7.
1329 2319 1419 2384 Ut
1448 2322 1622 2384 euim
1657 2321 1726 2385 iu
1756 2320 2198 2387 Academiam
2241 2328 2578 2387 nostram⁸
2609 2323 2724 2386 de-

1452 2492 1812 2512 OOOOOOOOO‘OO

576 2563 713 2612 CA?-
754 2575 846 2613 tu.
918 2569 939 2613 1
980 2563 1056 2613 Hi
1088 2565 1213 2614 enim
1239 2566 1332 2630 ipsi
1363 2567 1469 2616 ideo
1502 2568 1654 2618 odiosi
1684 2566 1820 2630 conj,
1839 2569 2082 2618 nam—a
2117 2566 2248 2625 Quia
2274 2583 2382 2618 cero
2404 2571 2440 2628 ψ
2459 2571 2508 2617 2.
2575 2567 2727 2628 Mox,

512 2642 619 2678 aar
648 2629 748 2689 ipae
780 2630 901 2678 med.
943 2628 1187 2679 θοι-σιω.
1224 2631 1373 2681 Crat.
1410 2632 1612 2682 Victor.
1644 2635 1851 2682 Manat.
1881 2632 2064 2682 Lamb.
2121 2633 2306 2682 aninum
2343 2633 2544 2680 onrittit
2577 2631 2727 2682 Lrid.

552 2692 766 2741 robaute
805 2693 971 2743 Bouh-
1035 2695 1187 2749 Tum,
1220 2697 1375 2744 valeat
1400 2697 1451 2745 D
1479 2698 1523 2746 E
1545 2698 1592 2746 U
1616 2700 1644 2758 ε
1662 2713 1696 2744 «r
1716 2713 1756 2758 χ
1775 2700 1812 2758 ψ
1834 2701 1884 2746 2.
1917 2699 2050 2760 Reg.
2082 2696 2245 2746 Beru.
2270 2701 2316 2745 1.
2355 2697 2544 2745 venet.
2580 2700 2730 2745 1⁴81.

562 2757 757 2805 eroald.
786 2757 963 2806 Lamb.
985 2759 1123 2808 Dav.
1150 2757 1302 2808 Wolf·
1326 2761 1495 2810 Oreli.
1549 2761 1632 2823 qai
1664 2777 1714 2810 se
1745 2762 1908 2810 cum-i
1932 2761 2120 2810 Vener.
2145 2761 2292 2811 1481.
2330 2759 2574 2809 Beroald.
2609 2759 2727 2808 Ma-

514 2829 628 2870 nut.
660 2822 835 2870 Lamb.
906 2823 1131 2879 Deinde,
1168 2825 1249 2886 qai
1283 2839 1335 2872 se
1368 2824 1535 2874 anari
1571 2824 1694 2874 cdd.
1728 2832 1852 2875 anta
1886 2825 2090 2876 Victor.
2141 2827 2388 2874 “inaniat
2411 2826 2456 2873 D
2485 2826 2527 2872 E
2549 2824 2598 2873 U
2620 2827 2660 2886 ψ
2681 2829 2730 2874 1.

576 2891 768 2934 ruerunt
796 2887 841 2934 E
861 2904 876 2934 ι
896 2890 922 2949 ε
942 2902 993 2935 e.
1044 2893 1277 2938 sanamur
1300 2889 1344 2937 D
1368 2889 1412 2937 E
1435 2907 1451 2937 ι
1467 2892 1609 2951 ε.--3
1645 2889 1807 2939 Bern.
1831 2894 1878 2938 1.
1902 2904 1931 2937 a
1953 2905 2021 2939 m.
2041 2902 2146 2939 sec.
2163 2889 2208 2938 E
2227 2905 2284 2950 χ,
2307 2889 2430 2938 edd.
2455 2889 2728 2950 antiquiss.

602 2949 761 2998 roald.
786 2951 983 2999 Victor.
1016 2953 1224 3001 Manui.
1262 2953 1436 3002 Lamb.
1468 2953 1777 3016 virilium-03
1811 2953 1969 3005 codd.
2002 2955 2216 3019 aliquot,
2251 2953 2387 3001 Dav.
2410 2953 2540 3002 Lali.
2565 2951 2728 3002 Woie.

510 3013 719 3062 Schuta.
743 3019 789 3061 et
808 3015 1024 3072 civ-ibus,-
1059 3017 1241 3066 Bentl.
1261 3018 1399 3079 conj.
1421 3017 1718 3080 propriisque
1753 3018 1919 3080 opibus
1951 3024 2093 3080 atquc
2123 3016 2320 3066 viribus.
2385 3019 2598 3076 Statim,
2619 3031 2731 3080 pos-

512 3090 674 3125 samus
707 3077 758 3125 D
791 3077 829 3124 E
854 3080 996 3137 ξ.-4
1032 3079 1187 3127 Beru.
1210 3084 1255 3128 1.
1275 3081 1421 3129 Leid.
1455 3081 1560 3129 duo
1599 3081 1753 3130 codd.
1788 3083 1962 3132 Oxou.
1999 3083 2133 3132 Dav.
2168 3081 2334 3131 Orell.
2365 3087 2542 3144 quanio
2573 3095 2729 3143 apere.

516 3141 791 3198 Actutum,
811 3149 861 3190 et
882 3157 991 3205 exp.
1012 3149 1061 3192 st
1082 3146 1173 3194 col.
1194 3150 1317 3194 esset
1337 3144 1531 3196 chet·
1554 3148 1703 3196 1481.
1737 3147 1984 3195 Beroald.
2018 3147 2166 3196 Crat.
2202 3147 2408 3196 Manut-
2443 3145 2623 3196 Lamb-
2679 3151 2728 3194 st

576 3371 603 3407 ⁶
626 3375 793 3425 Animi
810 3376 1073 3440 medicina]
1095 3377 1233 3428 Hinc
1256 3379 1578 3428 Ptolemaeus
1661 3379 1713 3428 in
1757 3377 1923 3429 Acad.
1961 3377 2165 3429 Quest.
2199 3382 2254 3427 et
2295 3377 2442 3427 libris
2481 3377 2550 3427 dc
2589 3378 2731 3428 rint-

512 3448 879 3505 bibliothecam
919 3463 1065 3503 suam
1109 3454 1449 3519 inscripserat
1490 3457 1579 3518 ψυ·
1661 3453 1775 3504 bus.

515 3526 775 3592 χιοτρεῒον.
1187 3591 1193 3600 ·
1725 3535 1752 3572 ⁸
1789 3529 1850 3578 Ia
1867 3527 2172 3578 Academiam
2190 3527 2430 3593 nostrum]
2451 3529 2730 3580 Geminum

580 3606 603 3631 0
636 3599 698 3648 In
734 3600 1019 3665 Hortensio]
1054 3604 1173 3653 Non
1216 3618 1279 3654 ao
1314 3605 1401 3668 qui
1439 3619 1580 3656 nunc
1663 3604 2732 3668 iu'l'usculauolocnmproprioaiu‹nusez-

514 3671 881 3722 circumfertur
903 3690 967 3724 eo
1001 3677 1221 3738 nominc,
1240 3679 1331 3727 sed
1356 3679 1467 3739 illo,
1490 3695 1580 3729 cu-
1661 3681 1851 3728 struxit
1866 3680 2092 3738 Tullius3
2117 3681 2360 3744 alterum,
2383 3682 2586 3730 nomine
2609 3681 2732 3730 Pla-

504 3747 596 3810 jns
626 3748 850 3798 lectione
891 3749 1267 3801 inflammatum
1310 3767 1364 3802 sc
1399 3755 1581 3804 scribit
1662 3755 1850 3803 tonicae
1873 3754 2431 3815 scholae,Acadcmiam
2449 3771 2465 3814 3
2490 3757 2730 3818 alterum,

517 3822 836 3887 Augustinus
890 3824 955 3872 ad
1012 3825 1185 3875 studia
1238 3828 1576 3892 philosophiae
1665 3829 2014 3881 Aristotelicoe
2060 3833 2434 3896 appellatione,
2465 3833 2735 3895 Lycaeum.

515 3895 855 3962 capessenda.
918 3899 1089 3951 Julius
1125 3901 1449 3965 Capitolinus
1489 3905 1584 3969 ait,
1668 3903 1744 3956 De
1791 3907 1979 3971 Lycao
2023 3907 2256 3957 dicemus
2299 3907 2390 3957 lib.
2435 3907 2501 3956 de
2551 3907 2735 3958 Divin.

516 3975 765 4039 scriptum
811 3973 970 4026 fuisse
1012 3977 1079 4026 ad
1121 3980 1415 4044 exemplum
1462 3995 1580 4046 pro·
1663 3979 1998 4032 Academiam
2028 3983 2116 4032 alii
2151 3982 2465 4047 producunt,
2501 3982 2592 4030 alii
2617 3997 2735 4032 cor·

516 4051 751 4112 numici,
774 4052 884 4100 sive
907 4051 1267 4104 exhortatorii.
1663 4057 1877 4120 ripiunt.
1941 4057 2202 4108 Produxit
2245 4057 2466 4107 Cicero:
2515 4063 2530 4086 ⁴
2559 4057 2733 4122 Inque

584 4123 604 4157 ¹
628 4127 707 4175 De
728 4129 952 4178 maximis
979 4135 1135 4180 cutem
1157 4131 1319 4196 rebus]
1358 4129 1439 4179 Ad
1466 4131 1576 4192 pm-
1661 4131 1946 4182 Academia
1995 4131 2278 4182 umbrifera
2317 4131 2586 4195 nitidoque
2630 4133 2734 4196 Ly-

518 4197 799 4264 losopltiam
841 4203 1236 4266 pcrtinentibus,
1274 4207 1341 4255 de
1392 4207 1576 4270 quibus
1660 4209 1808 4257 cuo-⁹
1841 4209 2110 4272 Corripuit
2125 4209 2474 4259 Claudianus:
2513 4209 2612 4259 ‘Iu
2637 4211 2734 4260 La-
