3080 4788
698 347 1020 400 ruscum.
1068 343 1583 410 Qusssrrouuu
1636 349 1783 398 nin.
1829 349 1881 397 1.
1926 349 2096 401 car.
2144 333 2257 401 24.
2458 337 2591 402 503

388 490 570 558 veri:
630 490 815 575 quod
865 509 1022 556 cnm
1065 489 1287 567 sentit,
1331 490 1496 556 illud
1552 510 1691 556 una
1734 491 1962 568 sentit,
2012 511 2091 558 se
2138 491 2208 557 vi
2255 511 2405 569 sua,
2455 513 2591 559 non

391 595 635 669 aliena,
669 593 958 657 moveri:
1003 609 1127 655 nec
1169 591 1480 658 accidere
1525 611 1754 676 posse,
1791 600 1867 658 ut
1906 593 2063 677 ipse
2104 612 2400 677 unquam
2430 614 2475 660 a
2515 615 2590 659 se

389 694 768 760 deseratur:
819 695 928 777 [p.
964 689 1142 771 160.]
1182 711 1270 757 ex
1319 711 1456 775 quo
1499 693 1780 758 efficitur
1823 695 2203 774 aeternitas3
2246 695 2379 760 nisi
2420 695 2591 779 quid

388 795 598 860 habes
644 795 733 859 ad
783 793 955 860 haec.
1041 791 1132 858 A.
1185 792 1332 874 Ego
1378 811 1535 858 vero
1582 793 1781 859 facile
1822 813 1969 858 sum
1990 801 2041 831 ¹²
2084 813 2353 876 passus,
2392 815 2477 860 ne
2516 797 2587 860 in

385 903 676 960 mentem
716 893 988 978 quidem
1025 893 1188 959 mihi
1221 893 1482 977 aliquid
1517 901 1755 960 contra
1784 895 2042 960 venire:
2089 896 2191 961 ita
2227 895 2344 961 isti
2388 897 2587 962 faveo

389 996 756 1061 sententiae.

473 1111 704 1159 xxiv.
746 1096 854 1160 56.
899 1095 1006 1160 Μ.
1048 1092 1236 1173 Quid
1278 1094 1400 1160 illa
1441 1095 1757 1162 tandem?
1819 1113 1977 1162 num
2018 1097 2277 1162 leviora
2318 1117 2584 1177 censes,

386 1215 540 1281 quse
571 1197 917 1262 declarant
943 1197 1170 1262 inesse
1193 1197 1264 1261 in
1295 1196 1537 1262 animis
1557 1205 1575 1236 ¹
1603 1197 1945 1263 hominum
1973 1197 2203 1264 divina
2228 1200 2585 1284 quaedam?

385 1316 543 1382 quae
604 1295 664 1362 si
725 1315 1056 1362 cernerem
1111 1295 1681 1382 quemadmodum
1740 1299 1935 1364 nasci
2010 1307 2305 1382 possent,
2352 1302 2583 1382 etiam,

384 1397 947 1482 quemadmodum
987 1397 1353 1477 interirent,
1397 1397 1710 1463 viderem.
1799 1397 1870 1463 N
1874 1417 1981 1464 am
2024 1401 2433 1484 sanguinem,
2481 1402 2583 1468 bi·

380 1499 530 1573 lem,
576 1498 915 1582 pituitam,
953 1515 1138 1572 ossa,
1179 1515 1441 1577 nervos,
1479 1517 1711 1574 venas,
1740 1517 1999 1564 omnem
2046 1500 2336 1584 denique
2378 1521 2581 1568 mem·

382 1599 650 1663 brorum
693 1606 766 1663 et
819 1597 1030 1664 totins
1087 1597 1390 1681 corporis
1439 1598 1743 1680 figuram,
1789 1599 2025 1669 videor
2089 1619 2297 1686 posse
2338 1600 2581 1680 dicere,

379 1699 560 1766 unde
598 1705 934 1776 concreta,
961 1705 1032 1763 et
1071 1717 1206 1781 qno
1235 1697 1440 1764 modo
1465 1698 1649 1764 facta
1676 1700 1843 1765 sint:
1889 1700 2119 1784 [per-P
2151 1701 2443 1766 animum
2473 1703 2579 1785 ip·

379 1819 552 1878 sum,
579 1801 640 1865 si
665 1799 828 1865 nihil
855 1806 1034 1865 esset
1057 1799 1128 1864 in
1156 1818 1262 1877 eo,
1293 1799 1430 1864 nisi
1457 1798 1557 1878 id,
1585 1805 1661 1864 ut
1687 1819 1812 1884 per
1839 1819 1993 1866 eum
2023 1802 2417 1880 viveremus,
2440 1810 2577 1868 tam

377 1909 614 1968 natura
643 1911 948 1985 putarem
976 1899 1266 1966 hominis
1296 1901 1503 1966 vitam
1535 1903 1921 1982 sustentari,
1944 1922 2149 1986 qnam
2170 1903 2351 1983 vitis,
2373 1923 2577 1989 quam

377 2002 676 2066 arboris:
733 2003 884 2066 hoec
939 2001 1114 2066 enim
1167 2001 1378 2066 etiam
1425 2000 1717 2066 dicimus
1752 2005 1993 2068 vivete.
2081 2003 2279 2083 Item,
2310 2007 2371 2069 si
2412 2005 2577 2071 nihil

375 2099 653 2168 haberet
689 2102 948 2167 animus
989 2101 1301 2178 hominis,
1342 2101 1478 2166 nisi
1519 2108 1597 2168 nt
1636 2107 1986 2186 appeteret
2033 2110 2154 2170 ant
2195 2105 2573 2187 refugeret,³

373 2202 448 2269 id
479 2223 750 2288 quoque
780 2211 966 2268 esset
992 2202 1059 2268 ei
1087 2219 1448 2268 commune
1479 2221 1636 2268 cum
1665 2203 1924 2270 bestiis.
2010 2205 2120 2270 57.
2168 2204 2399 2270 Habet
2442 2206 2578 2288 pri-

371 2323 554 2370 mum
595 2305 1012 2382 memoriam,
1044 2312 1117 2369 et
1145 2321 1300 2368 eam
1331 2302 1681 2382 infinitam,
1708 2323 1925 2392 rerum
1951 2303 2574 2383 innumerabilium3

375 2426 575 2490 quam
633 2408 904 2491 quidem
966 2405 1168 2472 Plato
1223 2404 1749 2471 recordationem
1798 2425 1948 2471 esse
1999 2406 2142 2471 vult
2208 2406 2573 2490 superioris

369 2509 534 2573 vitae
561 2518 634 2573 :⁴
674 2527 830 2572 nam
868 2508 934 2571 in
971 2507 1090 2572 illo
1129 2506 1328 2583 libro,
1359 2506 1478 2589 qui
1515 2506 1910 2571 inscribitur
1952 2506 2253 2585 Menon,⁵
2276 2515 2304 2543 ⁸
2340 2506 2571 2589 pusio-

367 2626 526 2673 nem
567 2607 902 2692 quendam
946 2608 1266 2673 Socrates
1296 2606 1663 2689 interrogat
1691 2607 2008 2689 quoedam
2038 2606 2447 2690 geometrica
2488 2605 2577 2671 de

367 2708 777 2774 dimensione
815 2708 1146 2792 quadrati.
1230 2706 1346 2771 Ad
1385 2726 1472 2773 ea
1509 2706 1611 2771 sic
1647 2706 1763 2772 ille
1798 2704 2213 2792 respondet,⁶
2248 2713 2321 2773 ut
2360 2725 2570 2792 puer:

367 2816 438 2875 et
479 2816 704 2875 tamen
751 2810 852 2875 ita
894 2809 1132 2875 faciles
1177 2807 1720 2891 interrogationes
1764 2817 1947 2887 sunt,
1988 2815 2062 2874 ut
2100 2810 2423 2893 gradatim
2468 2830 2571 2875 re·

368 2910 716 2993 spondens
760 2910 998 2976 eodem
1046 2909 1414 2995 perveniat,
1455 2928 1594 2992 quo
1640 2910 1701 2973 si
1745 2909 2147 2993 geometrica
2189 2909 2569 2978 didicisset.

365 3010 476 3075 Ex
510 3029 648 3094 quo
681 3011 854 3077 effici
885 3013 1030 3078 vult
1059 3012 1400 3089 Socrates,
1430 3017 1506 3075 ut
1531 3009 1812 3089 discere,
1842 3010 2008 3075 nihil
2036 3010 2221 3077 aliud
2252 3010 2366 3088 sit,
2394 3011 2526 3076 nisi
2544 3020 2571 3061 ⁷

1557 3189 1647 3209 m

361 3300 584 3401 ingyrum,
606 3288 688 3349 &c-
717 3292 824 3349 ψι.
855 3288 1007 3351 ἔρωσι
1045 3288 1244 3338 omittit
1285 3286 1350 3338 E.
1379 3302 1520 3351 qnam
1555 3288 1753 3337 omittit
1789 3289 1834 3348 ε.
1877 3288 2048 3351 iprum,
2088 3288 2211 3351 qnod
2244 3286 2403 3338 babet
2442 3304 2567 3350 χ.-

461 3352 588 3413 Βες.
615 3352 666 3401 D
691 3353 738 3401 Β
759 3353 827 3415 U,
852 3354 984 3403 Dav.
1002 3353 1112 3402 rim.
1179 3352 1451 3408 Actutum,
1480 3366 1707 3415 pamm
1727 3355 1764 3412 ψ
1785 3356 1833 3399 l.

424 3415 565 3465 Car.
587 3428 748 3465 xxw.
819 3422 841 3465 1
881 3415 1014 3465 Edd.
1038 3416 1145 3466 anti
1187 3417 1312 3466 uiro.
1345 3418 1498 3465 inem
1522 3416 1816 3465 «ninia—2
1859 3414 1907 3463 D
1931 3414 1977 3462 E
1998 3430 2013 3459 ι
2034 3416 2061 3475 ε
2080 3428 2116 3463 o·
2136 3417 2174 3477 ψ
2194 3418 2241 3465 1.
2260 3418 2311 3465 2.
2332 3414 2493 3465 Bern.
2519 3420 2566 3463 l.

360 3478 494 3528 Dav.
529 3481 662 3531 Lan.
696 3480 862 3530 Wolf.
895 3480 1104 3530 Senum.
1193 3480 1307 3529 reli.
1347 3480 1597 3529 omittunt
1628 3494 1733 3543 per.
1797 3478 2069 3540 Actutum,
2100 3482 2259 3529 animo
2292 3480 2392 3542 ipro
2426 3480 2567 3542 conj.

358 3541 640 3592 Lanam—8
675 3543 806 3607 Reg.
839 3545 1000 3593 Bern.
1024 3548 1070 3592 Ι.
1103 3562 1120 3592 ι
1146 3547 1175 3606 ε
1195 3559 1230 3593 σ
1313 3547 1360 3592 1.
1379 3547 1430 3594 2.
1464 3543 1652 3592 Venet-
1679 3545 1821 3591 1480.
1856 3542 2061 3591 Victor.
2090 3542 2225 3593 Dar.
2255 3543 2566 3619 Luhwfolf.

353 3606 566 3656 Scbntz.
587 3608 756 3658 Orell-
790 3614 874 3657 ane
895 3608 1208 3671 fugeret—4
1241 3547 1411 3656 gron.
1430 3620 1549 3657 cum
1574 3608 1689 3656 aliis
1710 3612 1833 3655 ante
1850 3605 2054 3654 Manat.
2085 3608 2203 3657 cita
2224 3608 2568 3670 superior-u.—

277 3700 298 3713 .
355 3674 386 3717 5
423 3672 571 3721 Meno
602 3671 784 3720 Lamb.
815 3670 967 3721 Wolf.
1005 3673 1214 3722 Scbutz.
1251 3671 1422 3721 Oreli.
1455 3676 1677 3720 mon
1717 3671 1910 3719 Venet.
1951 3673 2097 3720 1400.
2149 3672 2375 3722 Mem
2414 3671 2562 3720 Crat.

353 3734 559 3784 Victor.
597 3736 903 3785 Menate-6
936 3736 1070 3786 ΕΜ.
1112 3736 1383 3798 antiquiss.
1429 3736 1695 3799 rupo-dit.
1768 3734 1957 3785 Statim
2000 3750 2056 3785 eo
2081 3736 2326 3797 menia:
2363 3735 2561 3784 endem

355 3798 474 3851 edd.
508 3812 564 3849 eo
597 3800 782 3850 demum
810 3802 1056 3863 perveniat
1089 3800 1226 3863 conj.
1260 3800 1438 3850 Benti.
1465 3800 1605 3863 qumi
1632 3812 1787 3861 ewa.
1817 3817 1834 3847 ι
1869 3802 1895 3860 ε
1926 3814 1963 3847 e
1990 3816 2031 3861 χ
2062 3801 2103 3861 ψ
2124 3802 2169 3847 1.
2206 3800 2329 3849 edd.
2348 3806 2481 3849 vett.
2503 3806 2563 3848 et

1353 3965 1575 4017 NOTAE

419 4096 444 4127 ⁸
490 4090 590 4147 Qui
624 4088 902 4139 inscribitur
944 4087 1148 4153 Maon]
1199 4087 1303 4141 Seu
1349 4088 1418 4139 de
1499 4088 1619 4155 εἰπε,
1635 4097 1691 4139 et
1705 4088 1914 4143 Prodici
1930 4088 1999 4139 de
2018 4086 2213 4139 virtute
2231 4084 2557 4139 definitiones

347 4166 566 4222 virtute,
588 4166 674 4217 ubi
702 4164 965 4227 Menenio,
977 4164 1260 4228 Aristippi,
1281 4164 1416 4216 Gor·
1498 4163 1757 4217 confutat.
