<?xml version="1.0" encoding="UTF-8"?>
<!DOCTYPE html PUBLIC "-//W3C//DTD XHTML 1.0 Transitional//EN"
    "http://www.w3.org/TR/xhtml1/DTD/xhtml1-transitional.dtd">
<html xmlns="http://www.w3.org/1999/xhtml" xml:lang="en" lang="en">
 <head>
  <title>
</title>
<meta http-equiv="Content-Type" content="text/html;charset=utf-8" />
  <meta name='ocr-system' content='tesseract 3.04.00' />
  <meta name='ocr-capabilities' content='ocr_page ocr_carea ocr_par ocr_line ocrx_word'/>
</head>
<body>
  <div class='ocr_page' id='page_1' title='image "./operavolume00cicegoog_0493.png"; bbox 0 0 3080 4788; ppageno 0'>
   <div class='ocr_carea' id='block_1_1' title="bbox 896 344 2571 417">
    <p class='ocr_par' dir='ltr' id='par_1_1' title="bbox 896 344 2571 417">
     <span class='ocr_line' id='line_1_1' title="bbox 896 344 2571 417; baseline -0.002 0"><span class='ocrx_word' id='word_1_1' title='bbox 896 370 994 417; x_wconf 76' lang='lat' dir='ltr'><strong>nn</strong></span> <span class='ocrx_word' id='word_1_2' title='bbox 1047 366 1364 416; x_wconf 71' lang='lat' dir='ltr'>NATURA</span> <span class='ocrx_word' id='word_1_3' title='bbox 1417 364 1735 413; x_wconf 73' lang='lat' dir='ltr'><strong>osonum</strong></span> <span class='ocrx_word' id='word_1_4' title='bbox 1788 366 1873 414; x_wconf 87' lang='grc' dir='ltr'><strong>ιι.</strong></span> <span class='ocrx_word' id='word_1_5' title='bbox 1921 347 2040 415; x_wconf 79' lang='grc'><strong>36.</strong></span> <span class='ocrx_word' id='word_1_6' title='bbox 2436 344 2571 413; x_wconf 75' lang='lat'><strong>9115</strong></span> 
     </span>
    </p>
   </div>
   <div class='ocr_carea' id='block_1_2' title="bbox 367 506 2579 2804">
    <p class='ocr_par' dir='ltr' id='par_1_2' title="bbox 367 506 2573 1398">
     <span class='ocr_line' id='line_1_2' title="bbox 367 506 2568 597; baseline -0.004 -19"><span class='ocrx_word' id='word_1_7' title='bbox 367 512 469 579; x_wconf 88' lang='lat' dir='ltr'><strong>sic</strong></span> <span class='ocrx_word' id='word_1_8' title='bbox 526 510 917 597; x_wconf 86' lang='lat' dir='ltr'><strong>philosophi</strong></span> <span class='ocrx_word' id='word_1_9' title='bbox 974 510 1371 587; x_wconf 84' lang='lat' dir='ltr'><strong>debuerunt,</strong></span> <span class='ocrx_word' id='word_1_10' title='bbox 1426 508 1488 572; x_wconf 91' lang='lat' dir='ltr'><strong>si</strong></span> <span class='ocrx_word' id='word_1_11' title='bbox 1544 508 1905 574; x_wconf 83' lang='lat' dir='ltr'><strong>forte&#39;eos·</strong></span> <span class='ocrx_word' id='word_1_12' title='bbox 1936 506 2194 589; x_wconf 69' lang='lat' dir='ltr'><strong>primus</strong></span> <span class='ocrx_word' id='word_1_13' title='bbox 2247 510 2568 590; x_wconf 74' lang='lat' dir='ltr'><strong>aspectus</strong></span> 
     </span>
     <span class='ocr_line' id='line_1_3' title="bbox 367 609 2569 699; baseline -0.003 -21"><span class='ocrx_word' id='word_1_14' title='bbox 367 614 594 678; x_wconf 86' lang='lat' dir='ltr'><strong>mundi</strong></span> <span class='ocrx_word' id='word_1_15' title='bbox 655 613 1195 689; x_wconf 78' lang='lat' dir='ltr'><strong>conturbaverat,</strong></span> <span class='ocrx_word' id='word_1_16' title='bbox 1247 616 1508 692; x_wconf 87' lang='lat' dir='ltr'><strong>postea,</strong></span> <span class='ocrx_word' id='word_1_17' title='bbox 1562 628 1713 674; x_wconf 88' lang='lat' dir='ltr'><strong>cum</strong></span> <span class='ocrx_word' id='word_1_18' title='bbox 1765 610 2099 699; x_wconf 84' lang='lat' dir='ltr'><strong>vidissent</strong></span> <span class='ocrx_word' id='word_1_19' title='bbox 2152 614 2373 674; x_wconf 84' lang='lat' dir='ltr'><strong>motus</strong></span> <span class='ocrx_word' id='word_1_20' title='bbox 2419 609 2569 691; x_wconf 87' lang='lat' dir='ltr'><strong>ejus</strong></span> 
     </span>
     <span class='ocr_line' id='line_1_4' title="bbox 369 708 2570 797; baseline -0.002 -20"><span class='ocrx_word' id='word_1_21' title='bbox 369 714 590 779; x_wconf 85' lang='lat' dir='ltr'><strong>finitos</strong></span> <span class='ocrx_word' id='word_1_22' title='bbox 637 720 706 779; x_wconf 91' lang='lat' dir='ltr'><strong>et</strong></span> <span class='ocrx_word' id='word_1_23' title='bbox 750 713 1152 797; x_wconf 79' lang='lat' dir='ltr'><strong>aequabiles,</strong></span> <span class='ocrx_word' id='word_1_24' title='bbox 1196 710 1557 794; x_wconf 82' lang='lat' dir='ltr'>omniaque</span> <span class='ocrx_word' id='word_1_25' title='bbox 1598 708 1766 775; x_wconf 88' lang='lat' dir='ltr'><strong>ratis</strong></span> <span class='ocrx_word' id='word_1_26' title='bbox 1810 710 2155 775; x_wconf 77' lang='lat' dir='ltr'>ordinibus</span> <span class='ocrx_word' id='word_1_27' title='bbox 2196 709 2570 785; x_wconf 85' lang='lat' dir='ltr'><strong>moderata,</strong></span> 
     </span>
     <span class='ocr_line' id='line_1_5' title="bbox 367 811 2572 899; baseline -0.002 -22"><span class='ocrx_word' id='word_1_28' title='bbox 367 815 904 899; x_wconf 79' lang='lat' dir='ltr'><strong>immutabilique</strong></span> <span class='ocrx_word' id='word_1_29' title='bbox 952 814 1354 891; x_wconf 88' lang='lat' dir='ltr'><strong>constantia,</strong></span> <span class='ocrx_word' id='word_1_30' title='bbox 1403 814 1773 895; x_wconf 80' lang='lat' dir='ltr'><strong>intelligere</strong></span> <span class='ocrx_word' id='word_1_31' title='bbox 1824 812 2045 876; x_wconf 89' lang='lat' dir='ltr'><strong>inesse</strong></span> <span class='ocrx_word' id='word_1_32' title='bbox 2092 811 2389 893; x_wconf 77' lang='lat' dir='ltr'><strong>aliquem</strong></span> <span class='ocrx_word' id='word_1_33' title='bbox 2434 830 2572 873; x_wconf 92' lang='lat' dir='ltr'><strong>non</strong></span> 
     </span>
     <span class='ocr_line' id='line_1_6' title="bbox 369 910 2573 989; baseline -0.003 -9"><span class='ocrx_word' id='word_1_34' title='bbox 369 916 588 981; x_wconf 88' lang='lat' dir='ltr'><strong>solum</strong></span> <span class='ocrx_word' id='word_1_35' title='bbox 619 915 1064 981; x_wconf 76' lang='lat' dir='ltr'><strong>habitatorem</strong></span> <span class='ocrx_word' id='word_1_36' title='bbox 1089 914 1158 977; x_wconf 89' lang='lat' dir='ltr'><strong>in</strong></span> <span class='ocrx_word' id='word_1_37' title='bbox 1181 914 1310 979; x_wconf 88' lang='lat' dir='ltr'><strong>hac</strong></span> <span class='ocrx_word' id='word_1_38' title='bbox 1329 914 1595 978; x_wconf 81' lang='lat' dir='ltr'><strong>coelesti</strong></span> <span class='ocrx_word' id='word_1_39' title='bbox 1618 933 1700 978; x_wconf 89' lang='lat' dir='ltr'><strong>ac</strong></span> <span class='ocrx_word' id='word_1_40' title='bbox 1723 912 1953 977; x_wconf 84' lang='lat' dir='ltr'><strong>divina</strong></span> <span class='ocrx_word' id='word_1_41' title='bbox 1978 910 2205 989; x_wconf 87' lang='lat' dir='ltr'><strong>domo,</strong></span> <span class='ocrx_word' id='word_1_42' title='bbox 2229 911 2346 976; x_wconf 90' lang='lat' dir='ltr'><strong>sed</strong></span> <span class='ocrx_word' id='word_1_43' title='bbox 2370 912 2573 975; x_wconf 85' lang='lat' dir='ltr'><strong>etiam</strong></span> 
     </span>
     <span class='ocr_line' id='line_1_7' title="bbox 367 1010 2572 1096; baseline -0.001 -18"><span class='ocrx_word' id='word_1_44' title='bbox 367 1020 712 1087; x_wconf 89' lang='lat' dir='ltr'><strong>rectorem,</strong></span> <span class='ocrx_word' id='word_1_45' title='bbox 758 1023 826 1077; x_wconf 90' lang='lat' dir='ltr'><strong>et</strong></span> <span class='ocrx_word' id='word_1_46' title='bbox 871 1013 1381 1092; x_wconf 78' lang='lat' dir='ltr'><strong>moderatorem,</strong></span> <span class='ocrx_word' id='word_1_47' title='bbox 1426 1018 1492 1077; x_wconf 88' lang='lat' dir='ltr'><strong>et</strong></span> <span class='ocrx_word' id='word_1_48' title='bbox 1539 1022 1865 1096; x_wconf 80' lang='lat' dir='ltr'><strong>tanquam</strong></span> <span class='ocrx_word' id='word_1_49' title='bbox 1912 1010 2572 1087; x_wconf 84' lang='lat' dir='ltr'><strong>architectum,&#39;tanti</strong></span> 
     </span>
     <span class='ocr_line' id='line_1_8' title="bbox 369 1112 2571 1197; baseline -0.003 -18"><span class='ocrx_word' id='word_1_50' title='bbox 369 1114 610 1197; x_wconf 86' lang='lat' dir='ltr'><strong>operis,</strong></span> <span class='ocrx_word' id='word_1_51' title='bbox 654 1114 950 1195; x_wconf 89' lang='lat' dir='ltr'><strong>tantique</strong></span> <span class='ocrx_word' id='word_1_52' title='bbox 993 1115 1306 1179; x_wconf 88' lang='lat' dir='ltr'><strong>muneris.</strong></span> <span class='ocrx_word' id='word_1_53' title='bbox 1397 1112 1603 1178; x_wconf 88' lang='lat' dir='ltr'><strong>Nunc</strong></span> <span class='ocrx_word' id='word_1_54' title='bbox 1652 1123 1885 1179; x_wconf 87' lang='lat' dir='ltr'><strong>autem</strong></span> <span class='ocrx_word' id='word_1_55' title='bbox 1931 1112 2096 1178; x_wconf 91' lang='lat' dir='ltr'><strong>mibi</strong></span> <span class='ocrx_word' id='word_1_56' title='bbox 2142 1112 2459 1177; x_wconf 71' lang='lat' dir='ltr'><strong>videntur</strong></span> <span class='ocrx_word' id='word_1_57' title='bbox 2487 1130 2571 1174; x_wconf 89' lang='lat' dir='ltr'><strong>ne</strong></span> 
     </span>
     <span class='ocr_line' id='line_1_9' title="bbox 369 1208 2573 1300; baseline -0.001 -21"><span class='ocrx_word' id='word_1_58' title='bbox 369 1214 699 1298; x_wconf 88' lang='lat' dir='ltr'><strong>suspicari</strong></span> <span class='ocrx_word' id='word_1_59' title='bbox 723 1216 1014 1299; x_wconf 88' lang='lat' dir='ltr'><strong>quidem,</strong></span> <span class='ocrx_word' id='word_1_60' title='bbox 1038 1223 1293 1300; x_wconf 86' lang='lat' dir='ltr'><strong>quanta</strong></span> <span class='ocrx_word' id='word_1_61' title='bbox 1321 1216 1415 1279; x_wconf 86' lang='lat' dir='ltr'><strong>sit</strong></span> <span class='ocrx_word' id='word_1_62' title='bbox 1443 1215 1926 1282; x_wconf 77' lang='lat' dir='ltr'><strong>admirabilitas</strong></span> <span class='ocrx_word' id='word_1_63' title='bbox 1957 1214 2331 1281; x_wconf 78' lang='lat' dir='ltr'><strong>coelestium</strong></span> <span class='ocrx_word' id='word_1_64' title='bbox 2361 1208 2573 1285; x_wconf 80' lang='lat' dir='ltr'><strong>rerum</strong></span> 
     </span>
     <span class='ocr_line' id='line_1_10' title="bbox 371 1314 2477 1398; baseline 0.001 -19"><span class='ocrx_word' id='word_1_65' title='bbox 371 1321 574 1398; x_wconf 89' lang='lat' dir='ltr'><strong>atque</strong></span> <span class='ocrx_word' id='word_1_66' title='bbox 605 1316 1025 1381; x_wconf 82' lang='lat' dir='ltr'><strong>terrestrium.</strong></span> <span class='ocrx_word' id='word_1_67' title='bbox 2470 1314 2477 1323; x_wconf 74' lang='grc'><em>“</em></span> 
     </span>
    </p>

    <p class='ocr_par' dir='ltr' id='par_1_3' title="bbox 370 1414 2577 2201">
     <span class='ocr_line' id='line_1_11' title="bbox 460 1414 2574 1499; baseline -0 -20"><span class='ocrx_word' id='word_1_68' title='bbox 460 1432 754 1481; x_wconf 74' lang='lat' dir='ltr'><strong>xxxvl.</strong></span> <span class='ocrx_word' id='word_1_69' title='bbox 795 1418 904 1481; x_wconf 88' lang='grc'><strong>91.</strong></span> <span class='ocrx_word' id='word_1_70' title='bbox 951 1417 1302 1499; x_wconf 83' lang='lat' dir='ltr'><strong>Principio</strong></span> <span class='ocrx_word' id='word_1_71' title='bbox 1349 1417 1544 1496; x_wconf 88' lang='lat' dir='ltr'><strong>enim,</strong></span> <span class='ocrx_word' id='word_1_72' title='bbox 1583 1424 1784 1495; x_wconf 87' lang='lat' dir='ltr'><strong>terra,</strong></span> <span class='ocrx_word' id='word_1_73' title='bbox 1828 1417 1958 1482; x_wconf 87' lang='lat' dir='ltr'><strong>sita</strong></span> <span class='ocrx_word' id='word_1_74' title='bbox 2002 1418 2069 1481; x_wconf 91' lang='lat' dir='ltr'><strong>in</strong></span> <span class='ocrx_word' id='word_1_75' title='bbox 2115 1414 2339 1481; x_wconf 90' lang='lat' dir='ltr'><strong>media</strong></span> <span class='ocrx_word' id='word_1_76' title='bbox 2380 1422 2574 1498; x_wconf 86' lang='lat' dir='ltr'><strong>parte</strong></span> 
     </span>
     <span class='ocr_line' id='line_1_12' title="bbox 371 1514 2575 1603; baseline -0.001 -23"><span class='ocrx_word' id='word_1_77' title='bbox 371 1517 626 1595; x_wconf 86' lang='lat' dir='ltr'><strong>mundi,</strong></span> <span class='ocrx_word' id='word_1_78' title='bbox 651 1518 1056 1595; x_wconf 75' lang='lat' dir='ltr'><strong>circumfusa</strong></span> <span class='ocrx_word' id='word_1_79' title='bbox 1085 1518 1378 1601; x_wconf 90' lang='lat' dir='ltr'><strong>undique</strong></span> <span class='ocrx_word' id='word_1_80' title='bbox 1408 1525 1515 1582; x_wconf 88' lang='lat' dir='ltr'><strong>est</strong></span> <span class='ocrx_word' id='word_1_81' title='bbox 1542 1519 1670 1585; x_wconf 88' lang='lat' dir='ltr'><strong>hac</strong></span> <span class='ocrx_word' id='word_1_82' title='bbox 1707 1518 2048 1583; x_wconf 88' lang='lat' dir='ltr'><strong>animabili</strong></span> <span class='ocrx_word' id='word_1_83' title='bbox 2068 1526 2087 1555; x_wconf 87' lang='lat'>¹</span> <span class='ocrx_word' id='word_1_84' title='bbox 2132 1514 2575 1603; x_wconf 80' lang='lat' dir='ltr'><strong>spirabilique</strong></span> 
     </span>
     <span class='ocr_line' id='line_1_13' title="bbox 370 1617 2575 1703; baseline 0 -22"><span class='ocrx_word' id='word_1_85' title='bbox 370 1624 633 1696; x_wconf 87' lang='lat' dir='ltr'><strong>natura,</strong></span> <span class='ocrx_word' id='word_1_86' title='bbox 665 1620 775 1683; x_wconf 91' lang='lat' dir='ltr'><strong>cui</strong></span> <span class='ocrx_word' id='word_1_87' title='bbox 815 1637 1056 1685; x_wconf 89' lang='lat' dir='ltr'><strong>nomen</strong></span> <span class='ocrx_word' id='word_1_88' title='bbox 1100 1625 1208 1683; x_wconf 90' lang='lat' dir='ltr'><strong>est</strong></span> <span class='ocrx_word' id='word_1_89' title='bbox 1252 1617 1388 1697; x_wconf 66' lang='lat' dir='ltr'><strong>aer,</strong></span> <span class='ocrx_word' id='word_1_90' title='bbox 1419 1619 1737 1685; x_wconf 82' lang='lat' dir='ltr'><strong>Graecum</strong></span> <span class='ocrx_word' id='word_1_91' title='bbox 1765 1620 1930 1684; x_wconf 87' lang='lat' dir='ltr'><strong>illud</strong></span> <span class='ocrx_word' id='word_1_92' title='bbox 1965 1618 2256 1703; x_wconf 88' lang='lat' dir='ltr'><strong>quidem,</strong></span> <span class='ocrx_word' id='word_1_93' title='bbox 2306 1618 2426 1681; x_wconf 89' lang='lat' dir='ltr'><strong>sed</strong></span> <span class='ocrx_word' id='word_1_94' title='bbox 2474 1639 2575 1682; x_wconf 89' lang='lat' dir='ltr'><strong>re-</strong></span> 
     </span>
     <span class='ocr_line' id='line_1_14' title="bbox 372 1718 2573 1800; baseline -0 -19"><span class='ocrx_word' id='word_1_95' title='bbox 372 1724 686 1800; x_wconf 78' lang='lat' dir='ltr'><strong>ceptum²</strong></span> <span class='ocrx_word' id='word_1_96' title='bbox 724 1718 872 1800; x_wconf 87' lang='lat' dir='ltr'><strong>jam</strong></span> <span class='ocrx_word' id='word_1_97' title='bbox 922 1724 1150 1783; x_wconf 86' lang='lat' dir='ltr'><strong>tamen</strong></span> <span class='ocrx_word' id='word_1_98' title='bbox 1197 1738 1331 1783; x_wconf 88' lang='lat' dir='ltr'><strong>usu</strong></span> <span class='ocrx_word' id='word_1_99' title='bbox 1384 1738 1427 1783; x_wconf 91' lang='lat' dir='ltr'><strong>a</strong></span> <span class='ocrx_word' id='word_1_100' title='bbox 1481 1720 1765 1797; x_wconf 82' lang='lat' dir='ltr'><strong>nostris3</strong></span> <span class='ocrx_word' id='word_1_101' title='bbox 1810 1720 2033 1783; x_wconf 86' lang='lat' dir='ltr'><strong>tritum</strong></span> <span class='ocrx_word' id='word_1_102' title='bbox 2084 1726 2188 1783; x_wconf 89' lang='lat' dir='ltr'><strong>est</strong></span> <span class='ocrx_word' id='word_1_103' title='bbox 2230 1719 2401 1781; x_wconf 91' lang='lat' dir='ltr'><strong>enim</strong></span> <span class='ocrx_word' id='word_1_104' title='bbox 2450 1737 2573 1799; x_wconf 92' lang='lat' dir='ltr'><strong>pro</strong></span> 
     </span>
     <span class='ocr_line' id='line_1_15' title="bbox 373 1816 2577 1902; baseline -0.001 -21"><span class='ocrx_word' id='word_1_105' title='bbox 373 1818 646 1882; x_wconf 88' lang='lat' dir='ltr'><strong>Latino.</strong></span> <span class='ocrx_word' id='word_1_106' title='bbox 753 1816 961 1880; x_wconf 89' lang='lat' dir='ltr'><strong>Hunc</strong></span> <span class='ocrx_word' id='word_1_107' title='bbox 1012 1836 1244 1882; x_wconf 86' lang='lat' dir='ltr'><strong>rursus</strong></span> <span class='ocrx_word' id='word_1_108' title='bbox 1293 1818 1725 1902; x_wconf 80' lang='lat' dir='ltr'><strong>amplectitur</strong></span> <span class='ocrx_word' id='word_1_109' title='bbox 1766 1820 2139 1883; x_wconf 84' lang='lat' dir='ltr'><strong>immensus</strong></span> <span class='ocrx_word' id='word_1_110' title='bbox 2184 1817 2413 1893; x_wconf 81' lang='lat' dir='ltr'><strong>aether,</strong></span> <span class='ocrx_word' id='word_1_111' title='bbox 2456 1816 2577 1898; x_wconf 91' lang='lat' dir='ltr'><strong>qui</strong></span> 
     </span>
     <span class='ocr_line' id='line_1_16' title="bbox 371 1916 2575 2005; baseline -0.002 -23"><span class='ocrx_word' id='word_1_112' title='bbox 371 1922 642 1989; x_wconf 80' lang='lat' dir='ltr'><strong>constat</strong></span> <span class='ocrx_word' id='word_1_113' title='bbox 683 1934 772 1981; x_wconf 81' lang='lat' dir='ltr'><strong>ex</strong></span> <span class='ocrx_word' id='word_1_114' title='bbox 801 1916 1149 1983; x_wconf 78' lang='lat' dir='ltr'><strong>altissimis</strong></span> <span class='ocrx_word' id='word_1_115' title='bbox 1177 1917 1464 1999; x_wconf 85' lang='lat' dir='ltr'><strong>ignibus.</strong></span> <span class='ocrx_word' id='word_1_116' title='bbox 1555 1918 1949 1982; x_wconf 84' lang='lat' dir='ltr'><strong>Mutuemut</strong></span> <span class='ocrx_word' id='word_1_117' title='bbox 1975 1918 2105 1983; x_wconf 88' lang='lat' dir='ltr'><strong>hoc</strong></span> <span class='ocrx_word' id='word_1_118' title='bbox 2135 1935 2406 2001; x_wconf 91' lang='lat' dir='ltr'><strong>quoque</strong></span> <span class='ocrx_word' id='word_1_119' title='bbox 2436 1936 2575 2005; x_wconf 78' lang='lat' dir='ltr'><strong>ver-</strong></span> 
     </span>
     <span class='ocr_line' id='line_1_17' title="bbox 371 2015 2577 2103; baseline -0.001 -20"><span class='ocrx_word' id='word_1_120' title='bbox 371 2020 556 2098; x_wconf 85' lang='lat' dir='ltr'><strong>bum,</strong></span> <span class='ocrx_word' id='word_1_121' title='bbox 589 2018 976 2101; x_wconf 84' lang='lat' dir='ltr'><strong>dicaturque</strong></span> <span class='ocrx_word' id='word_1_122' title='bbox 1023 2024 1162 2084; x_wconf 88' lang='lat' dir='ltr'><strong>tam</strong></span> <span class='ocrx_word' id='word_1_123' title='bbox 1199 2023 1220 2052; x_wconf 90' lang='lat'>‘</span> <span class='ocrx_word' id='word_1_124' title='bbox 1248 2017 1491 2084; x_wconf 78' lang='lat' dir='ltr'><strong>aetber’</strong></span> <span class='ocrx_word' id='word_1_125' title='bbox 1537 2018 1795 2097; x_wconf 85' lang='lat' dir='ltr'><strong>Latine,</strong></span> <span class='ocrx_word' id='word_1_126' title='bbox 1827 2039 2028 2103; x_wconf 90' lang='lat' dir='ltr'><strong>quam</strong></span> <span class='ocrx_word' id='word_1_127' title='bbox 2074 2019 2318 2084; x_wconf 88' lang='lat' dir='ltr'><strong>dicitur</strong></span> <span class='ocrx_word' id='word_1_128' title='bbox 2347 2022 2369 2053; x_wconf 86' lang='lat'>‘</span> <span class='ocrx_word' id='word_1_129' title='bbox 2393 2015 2513 2081; x_wconf 65' lang='lat' dir='ltr'><strong>aer</strong></span> <span class='ocrx_word' id='word_1_130' title='bbox 2536 2018 2577 2080; x_wconf 88' lang='lat'><strong>:’</strong></span> 
     </span>
     <span class='ocr_line' id='line_1_18' title="bbox 373 2119 1445 2201; baseline -0.001 -19"><span class='ocrx_word' id='word_1_131' title='bbox 373 2119 501 2182; x_wconf 87' lang='lat' dir='ltr'><strong>etsi</strong></span> <span class='ocrx_word' id='word_1_132' title='bbox 532 2120 988 2201; x_wconf 88' lang='lat' dir='ltr'><strong>interpretatur</strong></span> <span class='ocrx_word' id='word_1_133' title='bbox 1019 2119 1209 2183; x_wconf 89' lang='lat' dir='ltr'><strong>Pacu</strong></span> <span class='ocrx_word' id='word_1_134' title='bbox 1219 2120 1364 2183; x_wconf 87' lang='lat' dir='ltr'><strong>vius</strong></span> <span class='ocrx_word' id='word_1_135' title='bbox 1385 2141 1401 2181; x_wconf 72' lang='grc' dir='ltr'><em>ε</em></span> <span class='ocrx_word' id='word_1_136' title='bbox 1420 2126 1445 2155; x_wconf 73' lang='lat'><strong>⁶</strong></span> 
     </span>
    </p>

    <p class='ocr_par' dir='ltr' id='par_1_4' title="bbox 459 2216 2579 2303">
     <span class='ocr_line' id='line_1_19' title="bbox 459 2216 2579 2303; baseline -0.001 -21"><span class='ocrx_word' id='word_1_137' title='bbox 459 2218 641 2297; x_wconf 89' lang='lat' dir='ltr'><strong>Hoc,</strong></span> <span class='ocrx_word' id='word_1_138' title='bbox 699 2218 880 2303; x_wconf 88' lang='lat' dir='ltr'><strong>quod</strong></span> <span class='ocrx_word' id='word_1_139' title='bbox 905 2227 925 2265; x_wconf 83' lang='lat'><em>³</em></span> <span class='ocrx_word' id='word_1_140' title='bbox 1000 2238 1314 2297; x_wconf 87' lang='lat' dir='ltr'><strong>memoro,</strong></span> <span class='ocrx_word' id='word_1_141' title='bbox 1378 2218 1586 2285; x_wconf 88' lang='lat' dir='ltr'><strong>nostri</strong></span> <span class='ocrx_word' id='word_1_142' title='bbox 1646 2220 1917 2296; x_wconf 86' lang='lat' dir='ltr'><strong>coelum,</strong></span> <span class='ocrx_word' id='word_1_143' title='bbox 1976 2218 2163 2285; x_wconf 85' lang='lat' dir='ltr'><strong>Graii</strong></span> <span class='ocrx_word' id='word_1_144' title='bbox 2225 2216 2579 2301; x_wconf 88' lang='lat' dir='ltr'><strong>perbibent</strong></span> 
     </span>
    </p>

    <p class='ocr_par' dir='ltr' id='par_1_5' title="bbox 370 2318 2576 2804">
     <span class='ocr_line' id='line_1_20' title="bbox 629 2318 902 2383; baseline 0 0"><span class='ocrx_word' id='word_1_145' title='bbox 629 2318 902 2383; x_wconf 76' lang='lat' dir='ltr'><strong>aethera.</strong></span> 
     </span>
     <span class='ocr_line' id='line_1_21' title="bbox 376 2418 2576 2502; baseline -0.001 -19"><span class='ocrx_word' id='word_1_146' title='bbox 376 2418 596 2497; x_wconf 83' lang='lat' dir='ltr'><strong>Quasi</strong></span> <span class='ocrx_word' id='word_1_147' title='bbox 641 2437 800 2498; x_wconf 45' lang='lat' dir='ltr'><strong>vero,</strong></span> <span class='ocrx_word' id='word_1_148' title='bbox 836 2440 968 2484; x_wconf 89' lang='lat' dir='ltr'><strong>nou</strong></span> <span class='ocrx_word' id='word_1_149' title='bbox 1001 2419 1300 2487; x_wconf 73' lang='lat' dir='ltr'><strong>Graius⁶</strong></span> <span class='ocrx_word' id='word_1_150' title='bbox 1329 2423 1510 2487; x_wconf 85' lang='lat' dir='ltr'><strong>hoc⁴</strong></span> <span class='ocrx_word' id='word_1_151' title='bbox 1542 2423 1746 2489; x_wconf 87' lang='lat' dir='ltr'><strong>dicat.</strong></span> <span class='ocrx_word' id='word_1_152' title='bbox 1832 2420 1933 2485; x_wconf 80' lang='lat' dir='ltr'><strong>At</strong></span> <span class='ocrx_word' id='word_1_153' title='bbox 1962 2420 2198 2488; x_wconf 87' lang='lat' dir='ltr'><strong>Latine</strong></span> <span class='ocrx_word' id='word_1_154' title='bbox 2232 2419 2576 2502; x_wconf 89' lang='lat' dir='ltr'><strong>loquitur:</strong></span> 
     </span>
     <span class='ocr_line' id='line_1_22' title="bbox 372 2519 2573 2606; baseline 0 -25"><span class='ocrx_word' id='word_1_155' title='bbox 372 2519 708 2602; x_wconf 89' lang='lat' dir='ltr'><strong>siquidem</strong></span> <span class='ocrx_word' id='word_1_156' title='bbox 763 2538 916 2599; x_wconf 89' lang='lat' dir='ltr'><strong>nos,</strong></span> <span class='ocrx_word' id='word_1_157' title='bbox 970 2539 1102 2585; x_wconf 90' lang='lat' dir='ltr'><strong>non</strong></span> <span class='ocrx_word' id='word_1_158' title='bbox 1163 2523 1402 2605; x_wconf 81' lang='lat' dir='ltr'><strong>quasi⁵</strong></span> <span class='ocrx_word' id='word_1_159' title='bbox 1442 2521 1689 2588; x_wconf 73' lang='lat' dir='ltr'><strong>Graece</strong></span> <span class='ocrx_word' id='word_1_160' title='bbox 1741 2525 2143 2606; x_wconf 88' lang='lat' dir='ltr'><strong>loquentem,</strong></span> <span class='ocrx_word' id='word_1_161' title='bbox 2197 2521 2573 2584; x_wconf 85' lang='lat' dir='ltr'><strong>audiamus.</strong></span> 
     </span>
     <span class='ocr_line' id='line_1_23' title="bbox 370 2618 1248 2687; baseline 0.006 -4"><span class='ocrx_word' id='word_1_162' title='bbox 370 2618 592 2685; x_wconf 89' lang='lat' dir='ltr'><strong>Docet</strong></span> <span class='ocrx_word' id='word_1_163' title='bbox 617 2620 795 2684; x_wconf 89' lang='lat' dir='ltr'><strong>idem</strong></span> <span class='ocrx_word' id='word_1_164' title='bbox 827 2621 963 2684; x_wconf 91' lang='lat' dir='ltr'><strong>alio</strong></span> <span class='ocrx_word' id='word_1_165' title='bbox 993 2621 1194 2687; x_wconf 85' lang='lat' dir='ltr'><strong>loco:</strong></span> <span class='ocrx_word' id='word_1_166' title='bbox 1225 2630 1248 2658; x_wconf 79' lang='lat'><em>⁰</em></span> 
     </span>
     <span class='ocr_line' id='line_1_24' title="bbox 762 2717 2187 2804; baseline 0.001 -22"><span class='ocrx_word' id='word_1_167' title='bbox 762 2717 1150 2802; x_wconf 82' lang='lat' dir='ltr'><strong>Grajugena</strong></span> <span class='ocrx_word' id='word_1_168' title='bbox 1180 2721 1266 2784; x_wconf 92' lang='lat' dir='ltr'><strong>de</strong></span> <span class='ocrx_word' id='word_1_169' title='bbox 1292 2722 1431 2785; x_wconf 87' lang='lat' dir='ltr'><strong>isto</strong></span> <span class='ocrx_word' id='word_1_170' title='bbox 1453 2720 1482 2761; x_wconf 89' lang='lat'><strong>⁶</strong></span> <span class='ocrx_word' id='word_1_171' title='bbox 1511 2722 1730 2804; x_wconf 86' lang='lat' dir='ltr'><strong>aperit</strong></span> <span class='ocrx_word' id='word_1_172' title='bbox 1758 2722 1913 2804; x_wconf 85' lang='lat' dir='ltr'><strong>ipsa</strong></span> <span class='ocrx_word' id='word_1_173' title='bbox 1942 2723 2187 2785; x_wconf 73' lang='lat' dir='ltr'><strong>oratio.</strong></span> 
     </span>
    </p>
   </div>
   <div class='ocr_carea' id='block_1_3' title="bbox 1283 2855 1649 2878">
    <p class='ocr_par' dir='ltr' id='par_1_6' title="bbox 1283 2855 1649 2878">
     <span class='ocr_line' id='line_1_25' title="bbox 1283 2855 1649 2878; baseline 0 -2"><span class='ocrx_word' id='word_1_174' title='bbox 1283 2855 1374 2876; x_wconf 64' lang='lat'><strong>000</strong></span> <span class='ocrx_word' id='word_1_175' title='bbox 1379 2855 1649 2878; x_wconf 59' lang='lat' dir='ltr'><strong>OmmOO</strong></span> 
     </span>
    </p>
   </div>
   <div class='ocr_carea' id='block_1_4' title="bbox 375 2919 2580 3112">
    <p class='ocr_par' dir='ltr' id='par_1_7' title="bbox 375 2919 2580 3112">
     <span class='ocr_line' id='line_1_26' title="bbox 440 2919 2579 2985; baseline 0 -12"><span class='ocrx_word' id='word_1_176' title='bbox 440 2924 580 2973; x_wconf 59' lang='lat' dir='ltr'><strong>CA».</strong></span> <span class='ocrx_word' id='word_1_177' title='bbox 608 2934 815 2970; x_wconf 79' lang='lat' dir='ltr'><strong>xxxvr.</strong></span> <span class='ocrx_word' id='word_1_178' title='bbox 884 2927 911 2972; x_wconf 86' lang='lat'>1</span> <span class='ocrx_word' id='word_1_179' title='bbox 949 2922 1037 2972; x_wconf 82' lang='lat' dir='ltr'><strong>Ita</strong></span> <span class='ocrx_word' id='word_1_180' title='bbox 1073 2923 1284 2985; x_wconf 83' lang='lat' dir='ltr'><strong>plurimi</strong></span> <span class='ocrx_word' id='word_1_181' title='bbox 1319 2923 1475 2973; x_wconf 81' lang='lat' dir='ltr'><strong>codd.</strong></span> <span class='ocrx_word' id='word_1_182' title='bbox 1511 2931 1565 2972; x_wconf 82' lang='lat' dir='ltr'><strong>et</strong></span> <span class='ocrx_word' id='word_1_183' title='bbox 1602 2923 1722 2973; x_wconf 77' lang='lat' dir='ltr'><strong>edd.</strong></span> <span class='ocrx_word' id='word_1_184' title='bbox 1762 2919 1893 2975; x_wconf 78' lang='lat' dir='ltr'><strong>ve‘tt.</strong></span> <span class='ocrx_word' id='word_1_185' title='bbox 1932 2922 2131 2975; x_wconf 69' lang='lat' dir='ltr'><strong>animali</strong></span> <span class='ocrx_word' id='word_1_186' title='bbox 2170 2921 2325 2972; x_wconf 83' lang='lat' dir='ltr'><strong>codd.</strong></span> <span class='ocrx_word' id='word_1_187' title='bbox 2362 2922 2579 2984; x_wconf 76' lang='lat' dir='ltr'><strong>aliquot.</strong></span> 
     </span>
     <span class='ocr_line' id='line_1_27' title="bbox 376 2985 2580 3048; baseline -0.002 -10"><span class='ocrx_word' id='word_1_188' title='bbox 376 2987 583 3038; x_wconf 77' lang='lat' dir='ltr'><strong>Probus</strong></span> <span class='ocrx_word' id='word_1_189' title='bbox 606 2986 671 3034; x_wconf 87' lang='lat' dir='ltr'><strong>ad</strong></span> <span class='ocrx_word' id='word_1_190' title='bbox 707 2987 860 3048; x_wconf 70' lang='lat' dir='ltr'><strong>Virg-</strong></span> <span class='ocrx_word' id='word_1_191' title='bbox 882 2987 994 3036; x_wconf 82' lang='lat' dir='ltr'><strong>Eci.</strong></span> <span class='ocrx_word' id='word_1_192' title='bbox 1022 3000 1102 3036; x_wconf 81' lang='lat' dir='ltr'><strong>vr.</strong></span> <span class='ocrx_word' id='word_1_193' title='bbox 1125 2991 1207 3036; x_wconf 77' lang='grc'><strong>81.</strong></span> <span class='ocrx_word' id='word_1_194' title='bbox 1241 2987 1370 3036; x_wconf 76' lang='lat' dir='ltr'><strong>Lali.</strong></span> <span class='ocrx_word' id='word_1_195' title='bbox 1404 2987 1685 3037; x_wconf 84' lang='lat' dir='ltr'><strong>Heindorf.</strong></span> <span class='ocrx_word' id='word_1_196' title='bbox 1721 2989 1933 3038; x_wconf 80' lang='lat' dir='ltr'><strong>Sebutz.</strong></span> <span class='ocrx_word' id='word_1_197' title='bbox 1968 2989 2167 3037; x_wconf 83' lang='lat' dir='ltr'><strong>Moser.</strong></span> <span class='ocrx_word' id='word_1_198' title='bbox 2200 2985 2379 3036; x_wconf 85' lang='lat' dir='ltr'><strong>Nobb.</strong></span> <span class='ocrx_word' id='word_1_199' title='bbox 2411 2985 2580 3035; x_wconf 85' lang='lat' dir='ltr'><strong>Orell.</strong></span> 
     </span>
     <span class='ocr_line' id='line_1_28' title="bbox 375 3049 2579 3112; baseline -0 -13"><span class='ocrx_word' id='word_1_200' title='bbox 375 3051 648 3106; x_wconf 81' lang='lat' dir='ltr'><strong>Actutum,</strong></span> <span class='ocrx_word' id='word_1_201' title='bbox 683 3049 1034 3112; x_wconf 70' lang='lat' dir='ltr'><strong>spiratibiliqne</strong></span> <span class='ocrx_word' id='word_1_202' title='bbox 1098 3051 1312 3100; x_wconf 76' lang='lat' dir='ltr'><strong>Servius</strong></span> <span class='ocrx_word' id='word_1_203' title='bbox 1343 3051 1407 3099; x_wconf 81' lang='lat' dir='ltr'><strong>ad</strong></span> <span class='ocrx_word' id='word_1_204' title='bbox 1441 3051 1559 3100; x_wconf 80' lang='lat' dir='ltr'><strong>AEn.</strong></span> <span class='ocrx_word' id='word_1_205' title='bbox 1596 3065 1684 3100; x_wconf 86' lang='lat' dir='ltr'><strong>nr.</strong></span> <span class='ocrx_word' id='word_1_206' title='bbox 1717 3052 1933 3100; x_wconf 65' lang='lat' dir='ltr'><strong>Gom—2</strong></span> <span class='ocrx_word' id='word_1_207' title='bbox 1965 3051 2014 3100; x_wconf 84' lang='lat' dir='ltr'>G</span> <span class='ocrx_word' id='word_1_208' title='bbox 2040 3065 2072 3098; x_wconf 80' lang='lat' dir='ltr'><strong>a</strong></span> <span class='ocrx_word' id='word_1_209' title='bbox 2094 3066 2163 3100; x_wconf 88' lang='lat' dir='ltr'><strong>m.</strong></span> <span class='ocrx_word' id='word_1_210' title='bbox 2186 3063 2290 3098; x_wconf 77' lang='lat' dir='ltr'><strong>sec.</strong></span> <span class='ocrx_word' id='word_1_211' title='bbox 2316 3050 2359 3097; x_wconf 84' lang='lat' dir='ltr'><strong>E</strong></span> <span class='ocrx_word' id='word_1_212' title='bbox 2384 3050 2435 3099; x_wconf 89' lang='lat' dir='ltr'>U</span> <span class='ocrx_word' id='word_1_213' title='bbox 2504 3063 2579 3098; x_wconf 81' lang='lat' dir='ltr'><strong>er-</strong></span> 
     </span>
    </p>
   </div>
   <div class='ocr_carea' id='block_1_5' title="bbox 373 3111 2591 3433">
    <p class='ocr_par' dir='ltr' id='par_1_8' title="bbox 373 3111 2591 3433">
     <span class='ocr_line' id='line_1_29' title="bbox 373 3111 2583 3178; baseline -0.002 -15"><span class='ocrx_word' id='word_1_214' title='bbox 373 3120 594 3177; x_wconf 62' lang='lat' dir='ltr'><strong>uptum·</strong></span> <span class='ocrx_word' id='word_1_215' title='bbox 628 3113 784 3175; x_wconf 79' lang='lat' dir='ltr'><strong>Glog.</strong></span> <span class='ocrx_word' id='word_1_216' title='bbox 808 3121 862 3164; x_wconf 87' lang='lat' dir='ltr'><strong>et</strong></span> <span class='ocrx_word' id='word_1_217' title='bbox 887 3114 1056 3163; x_wconf 77' lang='lat' dir='ltr'><strong>Paris.</strong></span> <span class='ocrx_word' id='word_1_218' title='bbox 1079 3115 1127 3161; x_wconf 75' lang='lat'><strong>8.</strong></span> <span class='ocrx_word' id='word_1_219' title='bbox 1142 3119 1548 3178; x_wconf 62' lang='lat' dir='ltr'><strong>paeceptum—3</strong></span> <span class='ocrx_word' id='word_1_220' title='bbox 1588 3115 1695 3163; x_wconf 81' lang='lat' dir='ltr'><strong>Hoc</strong></span> <span class='ocrx_word' id='word_1_221' title='bbox 1715 3115 1831 3177; x_wconf 76' lang='lat' dir='ltr'><strong>qaid</strong></span> <span class='ocrx_word' id='word_1_222' title='bbox 1851 3120 1919 3163; x_wconf 72' lang='lat' dir='ltr'><strong>est</strong></span> <span class='ocrx_word' id='word_1_223' title='bbox 1943 3113 2098 3175; x_wconf 71' lang='lat' dir='ltr'><strong>Giog.</strong></span> <span class='ocrx_word' id='word_1_224' title='bbox 2121 3126 2346 3162; x_wconf 73' lang='lat' dir='ltr'><strong>memores</strong></span> <span class='ocrx_word' id='word_1_225' title='bbox 2366 3111 2443 3160; x_wconf 85' lang='lat' dir='ltr'><strong>Re</strong></span> <span class='ocrx_word' id='word_1_226' title='bbox 2487 3147 2500 3160; x_wconf 90' lang='lat'>.</span> <span class='ocrx_word' id='word_1_227' title='bbox 2524 3117 2583 3159; x_wconf 85' lang='lat' dir='ltr'><strong>et</strong></span> 
     </span>
     <span class='ocr_line' id='line_1_30' title="bbox 375 3175 2581 3239; baseline -0.001 -13"><span class='ocrx_word' id='word_1_228' title='bbox 375 3177 578 3236; x_wconf 69' lang='lat' dir='ltr'><strong>majore·</strong></span> <span class='ocrx_word' id='word_1_229' title='bbox 598 3192 629 3226; x_wconf 86' lang='lat' dir='ltr'><strong>a</strong></span> <span class='ocrx_word' id='word_1_230' title='bbox 652 3191 717 3224; x_wconf 86' lang='lat' dir='ltr'><strong>m.</strong></span> <span class='ocrx_word' id='word_1_231' title='bbox 741 3190 849 3225; x_wconf 78' lang='lat' dir='ltr'><strong>sec.</strong></span> <span class='ocrx_word' id='word_1_232' title='bbox 915 3177 1027 3227; x_wconf 79' lang='lat' dir='ltr'><strong>Hoc</strong></span> <span class='ocrx_word' id='word_1_233' title='bbox 1063 3180 1186 3239; x_wconf 76' lang='lat' dir='ltr'><strong>quod</strong></span> <span class='ocrx_word' id='word_1_234' title='bbox 1215 3193 1419 3228; x_wconf 71' lang='lat' dir='ltr'><strong>memoro</strong></span> <span class='ocrx_word' id='word_1_235' title='bbox 1451 3178 1650 3226; x_wconf 83' lang='lat' dir='ltr'><strong>omittit</strong></span> <span class='ocrx_word' id='word_1_236' title='bbox 1682 3178 1742 3228; x_wconf 77' lang='lat' dir='ltr'><strong>E.</strong></span> <span class='ocrx_word' id='word_1_237' title='bbox 1796 3179 1923 3226; x_wconf 72' lang='lat' dir='ltr'><strong>Grai</strong></span> <span class='ocrx_word' id='word_1_238' title='bbox 1947 3177 1994 3226; x_wconf 88' lang='lat' dir='ltr'>A</span> <span class='ocrx_word' id='word_1_239' title='bbox 2020 3178 2066 3225; x_wconf 86' lang='lat' dir='ltr'>B</span> <span class='ocrx_word' id='word_1_240' title='bbox 2092 3177 2135 3225; x_wconf 91' lang='lat' dir='ltr'>C</span> <span class='ocrx_word' id='word_1_241' title='bbox 2159 3175 2209 3235; x_wconf 87' lang='lat'><strong>1,</strong></span> <span class='ocrx_word' id='word_1_242' title='bbox 2244 3175 2289 3224; x_wconf 84' lang='grc' dir='ltr'>Ε</span> <span class='ocrx_word' id='word_1_243' title='bbox 2313 3176 2383 3225; x_wconf 88' lang='grc' dir='ltr'><strong>Ο.</strong></span> <span class='ocrx_word' id='word_1_244' title='bbox 2450 3175 2581 3233; x_wconf 76' lang='lat' dir='ltr'><strong>Hoc,</strong></span> 
     </span>
     <span class='ocr_line' id='line_1_31' title="bbox 378 3239 2583 3304; baseline 0 -15"><span class='ocrx_word' id='word_1_245' title='bbox 378 3243 502 3304; x_wconf 75' lang='lat' dir='ltr'><strong>quod</strong></span> <span class='ocrx_word' id='word_1_246' title='bbox 531 3245 791 3290; x_wconf 73' lang='lat' dir='ltr'><strong>memorant</strong></span> <span class='ocrx_word' id='word_1_247' title='bbox 823 3241 981 3289; x_wconf 69' lang='lat' dir='ltr'><strong>nostri</strong></span> <span class='ocrx_word' id='word_1_248' title='bbox 1017 3243 1182 3290; x_wconf 75' lang='lat' dir='ltr'><strong>eoelum</strong></span> <span class='ocrx_word' id='word_1_249' title='bbox 1224 3240 1501 3291; x_wconf 77' lang='lat' dir='ltr'><strong>Heindorf.</strong></span> <span class='ocrx_word' id='word_1_250' title='bbox 1533 3257 1565 3291; x_wconf 84' lang='lat' dir='ltr'><strong>e</strong></span> <span class='ocrx_word' id='word_1_251' title='bbox 1600 3243 1855 3292; x_wconf 81' lang='lat' dir='ltr'><strong>Varrone.</strong></span> <span class='ocrx_word' id='word_1_252' title='bbox 1907 3240 2087 3290; x_wconf 72' lang='lat' dir='ltr'><strong>athera</strong></span> <span class='ocrx_word' id='word_1_253' title='bbox 2123 3239 2321 3288; x_wconf 81' lang='lat' dir='ltr'><strong>omittit</strong></span> <span class='ocrx_word' id='word_1_254' title='bbox 2355 3239 2583 3300; x_wconf 71' lang='lat'><strong>(3103.—</strong></span> 
     </span>
     <span class='ocr_line' id='line_1_32' title="bbox 377 3301 2591 3368; baseline -0.002 -16"><span class='ocrx_word' id='word_1_255' title='bbox 377 3307 410 3352; x_wconf 77' lang='lat'><strong>⁴</strong></span> <span class='ocrx_word' id='word_1_256' title='bbox 449 3305 600 3359; x_wconf 72' lang='lat' dir='ltr'><strong>Qum&#39;</strong></span> <span class='ocrx_word' id='word_1_257' title='bbox 637 3319 746 3352; x_wconf 75' lang='lat' dir='ltr'><strong>uero</strong></span> <span class='ocrx_word' id='word_1_258' title='bbox 780 3304 867 3351; x_wconf 74' lang='lat' dir='ltr'><strong>hoe</strong></span> <span class='ocrx_word' id='word_1_259' title='bbox 897 3318 994 3354; x_wconf 71' lang='lat' dir='ltr'><strong>non</strong></span> <span class='ocrx_word' id='word_1_260' title='bbox 1033 3305 1215 3353; x_wconf 71' lang='lat' dir='ltr'><strong>Graiu·</strong></span> <span class='ocrx_word' id='word_1_261' title='bbox 1248 3306 1406 3368; x_wconf 76' lang='lat' dir='ltr'><strong>Glog.</strong></span> <span class='ocrx_word' id='word_1_262' title='bbox 1467 3305 1652 3354; x_wconf 69' lang='lat' dir='ltr'><strong>Graius</strong></span> <span class='ocrx_word' id='word_1_263' title='bbox 1688 3307 1772 3353; x_wconf 74' lang='lat' dir='ltr'><strong>hoc</strong></span> <span class='ocrx_word' id='word_1_264' title='bbox 1808 3318 1900 3351; x_wconf 77' lang='lat' dir='ltr'><strong>non</strong></span> <span class='ocrx_word' id='word_1_265' title='bbox 1935 3304 2070 3353; x_wconf 85' lang='lat' dir='ltr'><strong>Red.</strong></span> <span class='ocrx_word' id='word_1_266' title='bbox 2104 3303 2235 3351; x_wconf 75' lang='lat' dir='ltr'><strong>dicat</strong></span> <span class='ocrx_word' id='word_1_267' title='bbox 2273 3303 2360 3350; x_wconf 73' lang='lat' dir='ltr'><strong>hoe</strong></span> <span class='ocrx_word' id='word_1_268' title='bbox 2402 3301 2591 3350; x_wconf 68' lang='lat' dir='ltr'><strong>Graius</strong></span> 
     </span>
     <span class='ocr_line' id='line_1_33' title="bbox 379 3364 2583 3433; baseline -0.002 -16"><span class='ocrx_word' id='word_1_269' title='bbox 379 3368 546 3417; x_wconf 76' lang='lat' dir='ltr'><strong>Paris.</strong></span> <span class='ocrx_word' id='word_1_270' title='bbox 567 3370 712 3416; x_wconf 69' lang='lat'><strong>2-5</strong></span> <span class='ocrx_word' id='word_1_271' title='bbox 750 3367 950 3417; x_wconf 82' lang='lat' dir='ltr'><strong>Pearce</strong></span> <span class='ocrx_word' id='word_1_272' title='bbox 976 3367 1252 3418; x_wconf 80' lang='lat' dir='ltr'><strong>delendum</strong></span> <span class='ocrx_word' id='word_1_273' title='bbox 1276 3368 1523 3419; x_wconf 71' lang='lat' dir='ltr'><strong>censebat</strong></span> <span class='ocrx_word' id='word_1_274' title='bbox 1545 3369 1797 3433; x_wconf 56' lang='lat' dir='ltr'><strong>qaut—6</strong></span> <span class='ocrx_word' id='word_1_275' title='bbox 1825 3365 2138 3428; x_wconf 64' lang='lat' dir='ltr'><strong>Grqiugm:</strong></span> <span class='ocrx_word' id='word_1_276' title='bbox 2170 3367 2230 3414; x_wconf 77' lang='lat' dir='ltr'><strong>de</strong></span> <span class='ocrx_word' id='word_1_277' title='bbox 2249 3365 2369 3415; x_wconf 70' lang='lat' dir='ltr'><strong>istoc</strong></span> <span class='ocrx_word' id='word_1_278' title='bbox 2390 3364 2583 3426; x_wconf 77' lang='lat' dir='ltr'><strong>Boibe,</strong></span> 
     </span>
    </p>
   </div>
   <div class='ocr_carea' id='block_1_6' title="bbox 1368 3495 1590 3547">
    <p class='ocr_par' dir='ltr' id='par_1_9' title="bbox 1368 3495 1590 3547">
     <span class='ocr_line' id='line_1_34' title="bbox 1368 3495 1590 3547; baseline -0.009 -1"><span class='ocrx_word' id='word_1_279' title='bbox 1368 3496 1417 3546; x_wconf 81' lang='lat' dir='ltr'>N</span> <span class='ocrx_word' id='word_1_280' title='bbox 1426 3495 1590 3547; x_wconf 81' lang='lat' dir='ltr'><strong>OTAE</strong></span> 
     </span>
    </p>
   </div>
   <div class='ocr_carea' id='block_1_7' title="bbox 381 3577 2603 4318">
    <p class='ocr_par' dir='ltr' id='par_1_10' title="bbox 381 3577 2603 4244">
     <span class='ocr_line' id='line_1_35' title="bbox 443 3577 2584 3647; baseline -0.002 -15"><span class='ocrx_word' id='word_1_281' title='bbox 443 3592 466 3618; x_wconf 62' lang='grc' dir='ltr'><strong>ο</strong></span> <span class='ocrx_word' id='word_1_282' title='bbox 497 3581 760 3646; x_wconf 68' lang='lat' dir='ltr'><strong>Pacuvius]</strong></span> <span class='ocrx_word' id='word_1_283' title='bbox 789 3583 1042 3646; x_wconf 72' lang='lat' dir='ltr'><strong>Tragicos</strong></span> <span class='ocrx_word' id='word_1_284' title='bbox 1076 3583 1252 3647; x_wconf 59' lang='lat' dir='ltr'><strong>poeta,</strong></span> <span class='ocrx_word' id='word_1_285' title='bbox 1285 3582 1442 3632; x_wconf 86' lang='lat' dir='ltr'><strong>Ennii</strong></span> <span class='ocrx_word' id='word_1_286' title='bbox 1523 3595 1705 3633; x_wconf 77' lang='lat' dir='ltr'><strong>versus</strong></span> <span class='ocrx_word' id='word_1_287' title='bbox 1740 3593 1806 3630; x_wconf 81' lang='lat' dir='ltr'><strong>ex</strong></span> <span class='ocrx_word' id='word_1_288' title='bbox 1842 3579 2041 3645; x_wconf 72' lang='lat' dir='ltr'><strong>Chryse</strong></span> <span class='ocrx_word' id='word_1_289' title='bbox 2072 3581 2309 3637; x_wconf 77' lang='lat' dir='ltr'><strong>Pacuvii,</strong></span> <span class='ocrx_word' id='word_1_290' title='bbox 2332 3586 2386 3629; x_wconf 82' lang='lat' dir='ltr'><strong>et</strong></span> <span class='ocrx_word' id='word_1_291' title='bbox 2423 3577 2584 3630; x_wconf 84' lang='lat' dir='ltr'><strong>refer·</strong></span> 
     </span>
     <span class='ocr_line' id='line_1_36' title="bbox 381 3651 2585 3722; baseline -0 -15"><span class='ocrx_word' id='word_1_292' title='bbox 381 3671 557 3707; x_wconf 75' lang='lat' dir='ltr'><strong>sorore</strong></span> <span class='ocrx_word' id='word_1_293' title='bbox 581 3659 808 3722; x_wconf 76' lang='lat' dir='ltr'><strong>genitus,</strong></span> <span class='ocrx_word' id='word_1_294' title='bbox 822 3659 981 3720; x_wconf 76' lang='lat' dir='ltr'><strong>juxta</strong></span> <span class='ocrx_word' id='word_1_295' title='bbox 999 3659 1260 3719; x_wconf 76' lang='lat' dir='ltr'><strong>Plinium3</strong></span> <span class='ocrx_word' id='word_1_296' title='bbox 1283 3660 1443 3721; x_wconf 83' lang='lat' dir='ltr'><strong>juxta</strong></span> <span class='ocrx_word' id='word_1_297' title='bbox 1527 3665 1611 3706; x_wconf 86' lang='lat' dir='ltr'><strong>tur</strong></span> <span class='ocrx_word' id='word_1_298' title='bbox 1639 3658 1826 3706; x_wconf 87' lang='lat' dir='ltr'><strong>iterum</strong></span> <span class='ocrx_word' id='word_1_299' title='bbox 1858 3671 1887 3706; x_wconf 83' lang='lat' dir='ltr'><strong>a</strong></span> <span class='ocrx_word' id='word_1_300' title='bbox 1917 3656 2167 3706; x_wconf 82' lang='lat' dir='ltr'><strong>Cicerone</strong></span> <span class='ocrx_word' id='word_1_301' title='bbox 2195 3655 2261 3705; x_wconf 89' lang='lat' dir='ltr'><strong>de</strong></span> <span class='ocrx_word' id='word_1_302' title='bbox 2292 3651 2470 3706; x_wconf 60' lang='lat' dir='ltr'><strong>Diviuss</strong></span> <span class='ocrx_word' id='word_1_303' title='bbox 2492 3655 2585 3706; x_wconf 85' lang='lat' dir='ltr'><strong>lib.</strong></span> 
     </span>
     <span class='ocr_line' id='line_1_37' title="bbox 381 3731 1654 3795; baseline -0.002 -15"><span class='ocrx_word' id='word_1_304' title='bbox 381 3731 683 3792; x_wconf 73' lang='lat' dir='ltr'><strong>Eusebium,</strong></span> <span class='ocrx_word' id='word_1_305' title='bbox 707 3745 774 3780; x_wconf 79' lang='lat' dir='ltr'><strong>ex</strong></span> <span class='ocrx_word' id='word_1_306' title='bbox 807 3731 914 3781; x_wconf 80' lang='lat' dir='ltr'><strong>filia</strong></span> <span class='ocrx_word' id='word_1_307' title='bbox 941 3745 1123 3794; x_wconf 74' lang='lat' dir='ltr'><strong>nepos.</strong></span> <span class='ocrx_word' id='word_1_308' title='bbox 1193 3731 1440 3795; x_wconf 80' lang='lat' dir='ltr'><strong>Lepidum</strong></span> <span class='ocrx_word' id='word_1_309' title='bbox 1523 3745 1564 3782; x_wconf 78' lang='grc' dir='ltr'><strong>ι.</strong></span> <span class='ocrx_word' id='word_1_310' title='bbox 1588 3745 1654 3780; x_wconf 82' lang='grc' dir='ltr'><strong>ιι.</strong></span> 
     </span>
     <span class='ocr_line' id='line_1_38' title="bbox 381 3805 2584 3871; baseline -0.001 -15"><span class='ocrx_word' id='word_1_311' title='bbox 381 3814 479 3861; x_wconf 69' lang='grc' dir='ltr'><strong>επ,</strong></span> <span class='ocrx_word' id='word_1_312' title='bbox 501 3807 638 3871; x_wconf 87' lang='lat' dir='ltr'><strong>quod</strong></span> <span class='ocrx_word' id='word_1_313' title='bbox 673 3805 742 3857; x_wconf 86' lang='lat' dir='ltr'><strong>de</strong></span> <span class='ocrx_word' id='word_1_314' title='bbox 772 3807 862 3855; x_wconf 89' lang='grc'><strong>1110</strong></span> <span class='ocrx_word' id='word_1_315' title='bbox 892 3807 1076 3856; x_wconf 81' lang='lat' dir='ltr'><strong>Cicero</strong></span> <span class='ocrx_word' id='word_1_316' title='bbox 1107 3805 1440 3856; x_wconf 76' lang='grc' dir='ltr'><strong>0111ιίωοωο-</strong></span> <span class='ocrx_word' id='word_1_317' title='bbox 1586 3807 1610 3840; x_wconf 64' lang='grc' dir='ltr'><strong>ἅ</strong></span> <span class='ocrx_word' id='word_1_318' title='bbox 1647 3807 1761 3856; x_wconf 72' lang='lat' dir='ltr'><strong>Non</strong></span> <span class='ocrx_word' id='word_1_319' title='bbox 1794 3805 2004 3869; x_wconf 73' lang='lat' dir='ltr'><strong>Graias]</strong></span> <span class='ocrx_word' id='word_1_320' title='bbox 2039 3807 2302 3857; x_wconf 76' lang='lat' dir='ltr'><strong>Pacuvius</strong></span> <span class='ocrx_word' id='word_1_321' title='bbox 2337 3805 2471 3855; x_wconf 78' lang='lat' dir='ltr'><strong>enim</strong></span> <span class='ocrx_word' id='word_1_322' title='bbox 2494 3819 2584 3868; x_wconf 82' lang='lat' dir='ltr'><strong>pa-</strong></span> 
     </span>
     <span class='ocr_line' id='line_1_39' title="bbox 382 3879 2586 3944; baseline -0.001 -16"><span class='ocrx_word' id='word_1_323' title='bbox 382 3887 495 3939; x_wconf 74' lang='lat' dir='ltr'><strong>rat3</strong></span> <span class='ocrx_word' id='word_1_324' title='bbox 529 3895 646 3929; x_wconf 84' lang='lat' dir='ltr'><strong>cum</strong></span> <span class='ocrx_word' id='word_1_325' title='bbox 683 3879 824 3944; x_wconf 78' lang='lat' dir='ltr'><strong>apud</strong></span> <span class='ocrx_word' id='word_1_326' title='bbox 860 3880 1077 3930; x_wconf 78' lang='lat' dir='ltr'><strong>amicum</strong></span> <span class='ocrx_word' id='word_1_327' title='bbox 1117 3886 1444 3942; x_wconf 82' lang='lat' dir='ltr'><strong>quereretur,</strong></span> <span class='ocrx_word' id='word_1_328' title='bbox 1524 3880 1629 3930; x_wconf 84' lang='lat' dir='ltr'><strong>tria</strong></span> <span class='ocrx_word' id='word_1_329' title='bbox 1662 3881 2007 3930; x_wconf 79' lang='lat' dir='ltr'><strong>Brundisinus</strong></span> <span class='ocrx_word' id='word_1_330' title='bbox 2043 3881 2096 3929; x_wconf 91' lang='grc'><strong>10</strong></span> <span class='ocrx_word' id='word_1_331' title='bbox 2127 3880 2400 3939; x_wconf 78' lang='lat' dir='ltr'><strong>Calabria3</strong></span> <span class='ocrx_word' id='word_1_332' title='bbox 2435 3879 2586 3928; x_wconf 75' lang='lat' dir='ltr'><strong>Cala-</strong></span> 
     </span>
     <span class='ocr_line' id='line_1_40' title="bbox 382 3953 2584 4020; baseline -0.002 -15"><span class='ocrx_word' id='word_1_333' title='bbox 382 3954 518 4020; x_wconf 85' lang='lat' dir='ltr'><strong>quod</strong></span> <span class='ocrx_word' id='word_1_334' title='bbox 555 3969 686 4004; x_wconf 81' lang='lat' dir='ltr'><strong>uxor</strong></span> <span class='ocrx_word' id='word_1_335' title='bbox 715 3969 808 4004; x_wconf 79' lang='lat' dir='ltr'><strong>sua</strong></span> <span class='ocrx_word' id='word_1_336' title='bbox 839 3968 896 4004; x_wconf 78' lang='lat' dir='ltr'><strong>se</strong></span> <span class='ocrx_word' id='word_1_337' title='bbox 930 3953 996 4004; x_wconf 81' lang='lat' dir='ltr'><strong>de</strong></span> <span class='ocrx_word' id='word_1_338' title='bbox 1029 3953 1128 4004; x_wconf 82' lang='lat' dir='ltr'><strong>fleu</strong></span> <span class='ocrx_word' id='word_1_339' title='bbox 1151 3953 1444 4017; x_wconf 74' lang='lat' dir='ltr'><strong>suspendia·</strong></span> <span class='ocrx_word' id='word_1_340' title='bbox 1524 3955 1637 4004; x_wconf 78' lang='lat' dir='ltr'><strong>bria</strong></span> <span class='ocrx_word' id='word_1_341' title='bbox 1659 3961 1832 4004; x_wconf 81' lang='lat' dir='ltr'><strong>autem</strong></span> <span class='ocrx_word' id='word_1_342' title='bbox 1862 3955 1983 4004; x_wconf 86' lang='lat' dir='ltr'><strong>olim</strong></span> <span class='ocrx_word' id='word_1_343' title='bbox 2016 3954 2298 4017; x_wconf 76' lang='lat' dir='ltr'><strong>Messapia,</strong></span> <span class='ocrx_word' id='word_1_344' title='bbox 2321 3967 2434 4017; x_wconf 69' lang='lat' dir='ltr'><strong>qun</strong></span> <span class='ocrx_word' id='word_1_345' title='bbox 2469 3953 2584 4002; x_wconf 78' lang='grc' dir='ltr'><strong>Μι-</strong></span> 
     </span>
     <span class='ocr_line' id='line_1_41' title="bbox 383 4027 2187 4094; baseline -0.003 -13"><span class='ocrx_word' id='word_1_346' title='bbox 383 4037 484 4092; x_wconf 72' lang='lat' dir='ltr'><strong>set,</strong></span> <span class='ocrx_word' id='word_1_347' title='bbox 525 4037 540 4060; x_wconf 82' lang='lat'><em>‘</em></span> <span class='ocrx_word' id='word_1_348' title='bbox 558 4028 761 4078; x_wconf 80' lang='lat' dir='ltr'><strong>Amabo</strong></span> <span class='ocrx_word' id='word_1_349' title='bbox 805 4029 900 4091; x_wconf 83' lang='lat' dir='ltr'><strong>te,&#39;</strong></span> <span class='ocrx_word' id='word_1_350' title='bbox 937 4030 1107 4094; x_wconf 80' lang='lat' dir='ltr'><strong>iuquit</strong></span> <span class='ocrx_word' id='word_1_351' title='bbox 1149 4028 1300 4088; x_wconf 81' lang='lat' dir='ltr'><strong>alter,</strong></span> <span class='ocrx_word' id='word_1_352' title='bbox 1337 4030 1353 4057; x_wconf 84' lang='lat'>‘</span> <span class='ocrx_word' id='word_1_353' title='bbox 1375 4029 1444 4077; x_wconf 82' lang='lat' dir='ltr'><strong>da</strong></span> <span class='ocrx_word' id='word_1_354' title='bbox 1515 4029 1652 4092; x_wconf 67' lang='lat' dir='ltr'><strong>jori:</strong></span> <span class='ocrx_word' id='word_1_355' title='bbox 1674 4029 1900 4078; x_wconf 63' lang='lat' dir='ltr'><strong>Gracia!</strong></span> <span class='ocrx_word' id='word_1_356' title='bbox 1923 4042 2042 4092; x_wconf 73' lang='lat' dir='ltr'><strong>pars</strong></span> <span class='ocrx_word' id='word_1_357' title='bbox 2066 4027 2187 4077; x_wconf 80' lang='lat' dir='ltr'><strong>fuit.</strong></span> 
     </span>
     <span class='ocr_line' id='line_1_42' title="bbox 381 4101 2584 4167; baseline -0 -14"><span class='ocrx_word' id='word_1_358' title='bbox 381 4104 506 4154; x_wconf 85' lang='lat' dir='ltr'><strong>mibi</strong></span> <span class='ocrx_word' id='word_1_359' title='bbox 535 4117 606 4152; x_wconf 83' lang='lat' dir='ltr'><strong>ex</strong></span> <span class='ocrx_word' id='word_1_360' title='bbox 639 4104 729 4152; x_wconf 81' lang='lat' dir='ltr'><strong>iila</strong></span> <span class='ocrx_word' id='word_1_361' title='bbox 757 4103 940 4153; x_wconf 83' lang='lat' dir='ltr'><strong>arbore</strong></span> <span class='ocrx_word' id='word_1_362' title='bbox 971 4117 1100 4167; x_wconf 74' lang='lat' dir='ltr'><strong>quos</strong></span> <span class='ocrx_word' id='word_1_363' title='bbox 1132 4116 1301 4164; x_wconf 69' lang='lat' dir='ltr'><strong>seram</strong></span> <span class='ocrx_word' id='word_1_364' title='bbox 1333 4117 1442 4153; x_wconf 80' lang='lat' dir='ltr'><strong>sur·</strong></span> <span class='ocrx_word' id='word_1_365' title='bbox 1590 4105 1613 4131; x_wconf 78' lang='lat'>⁸</span> <span class='ocrx_word' id='word_1_366' title='bbox 1645 4104 1757 4155; x_wconf 76' lang='lat' dir='ltr'><strong>Alio</strong></span> <span class='ocrx_word' id='word_1_367' title='bbox 1791 4103 1913 4165; x_wconf 77' lang='lat' dir='ltr'><strong>loco]</strong></span> <span class='ocrx_word' id='word_1_368' title='bbox 1949 4103 2073 4152; x_wconf 84' lang='lat' dir='ltr'><strong>Loci</strong></span> <span class='ocrx_word' id='word_1_369' title='bbox 2104 4103 2242 4152; x_wconf 76' lang='lat' dir='ltr'><strong>iliius</strong></span> <span class='ocrx_word' id='word_1_370' title='bbox 2272 4115 2375 4152; x_wconf 85' lang='lat' dir='ltr'><strong>nou</strong></span> <span class='ocrx_word' id='word_1_371' title='bbox 2404 4101 2584 4152; x_wconf 87' lang='lat' dir='ltr'><strong>memi-</strong></span> 
     </span>
     <span class='ocr_line' id='line_1_43' title="bbox 381 4175 2603 4244; baseline -0.003 -14"><span class='ocrx_word' id='word_1_372' title='bbox 381 4177 560 4230; x_wconf 56' lang='lat' dir='ltr'><strong>cuioc?</strong></span> <span class='ocrx_word' id='word_1_373' title='bbox 600 4176 822 4237; x_wconf 68' lang='lat' dir='ltr'><strong>Gyraid.</strong></span> <span class='ocrx_word' id='word_1_374' title='bbox 894 4177 1188 4244; x_wconf 74' lang='lat' dir='ltr'><strong>Excerptus</strong></span> <span class='ocrx_word' id='word_1_375' title='bbox 1231 4184 1313 4228; x_wconf 77' lang='lat' dir='ltr'><strong>est</strong></span> <span class='ocrx_word' id='word_1_376' title='bbox 1353 4177 1441 4226; x_wconf 87' lang='lat' dir='ltr'><strong>bie</strong></span> <span class='ocrx_word' id='word_1_377' title='bbox 1521 4177 1602 4228; x_wconf 85' lang='lat' dir='ltr'><strong>nit</strong></span> <span class='ocrx_word' id='word_1_378' title='bbox 1617 4175 1974 4229; x_wconf 77' lang='lat' dir='ltr'><strong>Scriveriusin</strong></span> <span class='ocrx_word' id='word_1_379' title='bbox 1990 4177 2324 4228; x_wconf 68' lang='lat' dir='ltr'><strong>collectaneis</strong></span> <span class='ocrx_word' id='word_1_380' title='bbox 2343 4177 2603 4240; x_wconf 38' lang='lat' dir='ltr'><strong>Pacuviiffl</strong></span> 
     </span>
    </p>

    <p class='ocr_par' dir='ltr' id='par_1_11' title="bbox 511 4254 2453 4318">
     <span class='ocr_line' id='line_1_44' title="bbox 511 4254 2453 4318; baseline -0.001 -11"><span class='ocrx_word' id='word_1_381' title='bbox 511 4254 687 4318; x_wconf 64' lang='lat' dir='ltr'><strong>Deeph.</strong></span> <span class='ocrx_word' id='word_1_382' title='bbox 710 4262 755 4303; x_wconf 75' lang='lat' dir='ltr'><strong>et</strong></span> <span class='ocrx_word' id='word_1_383' title='bbox 787 4255 899 4304; x_wconf 71' lang='grc' dir='ltr'><strong>ναν.</strong></span> <span class='ocrx_word' id='word_1_384' title='bbox 924 4256 1054 4306; x_wconf 68' lang='lat' dir='ltr'><strong>elac.</strong></span> <span class='ocrx_word' id='word_1_385' title='bbox 1378 4257 1563 4306; x_wconf 76' lang='lat' dir='ltr'><strong>Cicero.</strong></span> <span class='ocrx_word' id='word_1_386' title='bbox 1645 4258 1652 4262; x_wconf 85' lang='grc'><em>“</em></span> <span class='ocrx_word' id='word_1_387' title='bbox 2115 4259 2145 4304; x_wconf 74' lang='lat'><em>8</em></span> <span class='ocrx_word' id='word_1_388' title='bbox 2181 4256 2231 4305; x_wconf 91' lang='grc' dir='ltr'>Ο</span> <span class='ocrx_word' id='word_1_389' title='bbox 2256 4255 2303 4306; x_wconf 92' lang='grc' dir='ltr'>Ο</span> <span class='ocrx_word' id='word_1_390' title='bbox 2330 4257 2378 4306; x_wconf 92' lang='grc' dir='ltr'><strong>Ο</strong></span> <span class='ocrx_word' id='word_1_391' title='bbox 2403 4256 2453 4305; x_wconf 91' lang='grc' dir='ltr'>Ο</span> 
     </span>
    </p>
   </div>
  </div>
 </body>
</html>
