3080 4788
683 365 1002 415 ‘ruscum
1049 364 1566 425 Qusssrrouuu
1623 363 1766 415 mn.
1818 364 1929 414 ιιι.
1978 366 2145 415 cnr.
2189 350 2257 415 3.
2431 353 2562 418 611

356 511 729 575 umbratam
772 508 1131 589 imaginem
1172 506 1430 589 gloriae.
1515 508 1643 574 Est
1672 508 1848 574 enim
1879 508 2097 592 gloria
2127 510 2350 577 solida
2379 531 2562 595 quae·

356 611 520 675 dan
558 628 669 673 res
710 614 781 673 et
824 626 1176 693 expressa,
1226 626 1357 674 non
1396 608 1830 675 adumbrata:
1874 628 1958 675 ea
1983 618 2090 677 est
2126 615 2562 679 consentiens

353 711 505 775 laus
536 712 885 788 bonorum,
916 711 1307 795 incorrupte
1332 730 1473 776 vox
1502 713 1680 779 bene
1713 712 2162 796 judicantium
2202 714 2288 779 de
2332 715 2565 782 exoel·

354 812 543 877 lente
574 814 860 877 virtute:
914 831 995 877 ea
1024 812 1258 877 virtuti
1297 818 1588 903 resonat,
1631 820 1956 896 tanquam
1985 816 2248 900 imago:
2274 824 2330 863 ³⁶
2382 836 2560 901 quae,

358 916 517 997 quia
572 921 752 979 recte
798 913 1131 979 factorum
1182 913 1581 998 plerumque
1637 932 1865 980 comes
1919 923 2043 995 est,
2093 937 2228 982 non
2279 925 2388 985 est
2445 920 2562 984 bo-

356 1016 509 1077 nis⁴
550 1016 713 1079 viris
756 1015 1194 1099 repudianda.
1281 1020 1347 1079 4.
1398 1015 1537 1081 Illa
1597 1022 1845 1097 autem,
1887 1037 2040 1103 quae
2082 1038 2158 1083 se
2208 1020 2358 1104 ejus
2409 1022 2562 1085 imi-

356 1117 659 1180 tatricem
708 1136 857 1181 esse
900 1116 1066 1188 vult,
1111 1116 1457 1181 temeraria
1500 1121 1701 1199 atque
1750 1118 2256 1198 inconsiderata,
2309 1127 2377 1186 et
2411 1122 2558 1205 ple·
2605 1202 2612 1209 .

354 1236 635 1301 rumque
694 1222 1131 1299 peccatorum
1174 1217 1628 1301 vitiorumque
1686 1218 2052 1299 laudatrix,
2099 1222 2281 1286 fama
2339 1240 2558 1306 popu-

353 1318 544 1396 laris,
610 1316 1037 1384 simulatione
1110 1318 1484 1384 honestatis
1551 1318 1832 1383 formam
1903 1320 2054 1403 ejus
2127 1323 2558 1405 pulchritudi-

352 1438 637 1504 nemque
681 1420 1062 1503 corrumpit.
1153 1418 1312 1499 Qua
1361 1420 1670 1485 caecitate
1707 1418 2032 1499 homines,
2063 1440 2216 1487 cum
2245 1424 2562 1505 quaedam

352 1522 553 1586 etia'm
606 1522 933 1604 praeclara
950 1527 985 1585 ⁵.
1028 1526 1361 1602 cuperent,
1409 1522 1513 1603 [p.
1546 1517 1730 1598 191.]
1785 1540 2000 1604 eaque
2047 1523 2388 1589 nescirent
2435 1544 2559 1589 nec

354 1624 473 1687 ubi
500 1642 641 1687 -nec
668 1622 901 1707 qualia
940 1626 1181 1699 essent,
1219 1620 1523 1686 funditus
1561 1622 1680 1685 alii
1719 1628 2095 1688 everterunt
2136 1642 2296 1689 suas
2323 1624 2561 1691 eivita-

353 1731 478 1802 ωε,
512 1724 629 1790 alii
657 1724 793 1807 ipsi
822 1723 1241 1790 occiderunt.
1326 1723 1552 1807 Atque
1581 1721 1694 1787 hi⁶
1723 1723 2016 1805 quidem,
2041 1724 2300 1806 optima
2331 1731 2559 1809 peten-

354 1832 482 1904 ωε,
504 1846 636 1891 non
662 1832 795 1892 tam
814 1827 1191 1903 voluntate,
1208 1843 1409 1909 quam
1422 1842 1678 1889 cursus
1703 1843 1920 1890 errore
1947 1824 2300 1891 falluntur:
2325 1825 2508 1906 Quid
2526 1829 2558 1891 ‘t

352 1930 467 2012 qui
512 1930 821 2011 pecuniae
853 1927 1249 2013 cupiditate,
1296 1926 1414 2010 qui
1469 1926 1890 2010 voluptatum
1917 1927 2193 1993 libidine
2223 1927 2556 2009 feruntur3

354 2046 771 2113 quorumque
820 2030 911 2094 ita
958 2029 1423 2113 perturbantur
1456 2028 1686 2101 animi,
1735 2034 1804 2092 ut
1846 2046 1980 2093 non
2024 2030 2304 2094 multum
2337 2031 2562 2097 absint

354 2130 443 2193 ab
468 2131 759 2211 insania,
790 2130 972 2215 quod
1016 2130 1485 2214 insipientibus
1517 2128 1848 2210 contingit
1891 2130 2240 2211 omnibus;
2280 2130 2387 2195 his
2416 2134 2558 2197 nul-

349 2234 507 2297 lane
557 2240 667 2298 est
715 2232 1089 2298 adhibenda
1137 2232 1443 2297 curatio?
1492 2238 1733 2308 utrum,
1772 2230 1956 2314 quod
1999 2232 2228 2298 miuus
2275 2240 2561 2299 noceant

354 2335 561 2400 animi
602 2334 1099 2418 mgrotationes,
1133 2352 1335 2419 quam
1367 2332 1714 2416 corporis?
1759 2352 1864 2410 an,
1913 2333 2096 2417 quod
2127 2351 2416 2419 corpora
2443 2353 2558 2401 cu·-

350 2435 486 2502 rari
515 2439 807 2521 possint,
836 2439 1208 2502 animorum
1240 2435 1577 2500 medicina
1611 2435 1800 2500 nulla
1831 2435 1965 2500 sit‘l
1987 2443 2014 2483 ⁷
2105 2450 2218 2499 ιιι.
2263 2438 2328 2499 5.
2374 2435 2467 2502 At
2494 2445 2560 2502 et

352 2539 570 2604 morbi
600 2539 1119 2622 perniciosiores
1147 2538 1513 2624 pluresque
1545 2543 1699 2602 sunt
1742 2537 1946 2602 animi
1988 2556 2188 2621 quam
2234 2540 2558 2620 corporis.

354 2639 455 2704 Hi
486 2641 661 2704 enim
690 2640 825 2724 ipsi
856 2639 1081 2704 odiosi
1101 2647 1121 2676 ¹
1152 2645 1329 2712 sunt,
1355 2639 1535 2721 quod
1567 2638 1658 2703 ad
1691 2639 1978 2704 animum
2007 2639 2348 2721 pertinent,
2372 2657 2557 2702 eum-

352 2761 485 2826 que
530 2740 903 2807 solicitant:
966 2743 1361 2823 animusque
1413 2757 1614 2822 aeger,
1660 2746 1734 2805 ut
1781 2739 1882 2805 ait
1921 2739 2200 2814 Ennius,
2245 2747 2262 2773 ‘
2297 2759 2560 2823 semper

352 2849 551 2914 errat,
596 2861 810 2926 neque
860 2843 1025 2926 pati,
1070 2861 1287 2924 neque
1330 2842 1593 2926 perpeti
1635 2846 1894 2924 potest:
1941 2857 2184 2922 cupere
2218 2859 2559 2924 nunquam

353 2941 641 3010 desinit!
698 2942 967 3021 Quibus
997 2943 1263 3008 duobus
1290 2942 1546 3007 morbis
1567 2943 1675 3020 (ut
1705 2939 2006 3006 omittam
2033 2936 2268 3024 alios),
2291 2941 2557 3022 aegritu-

1279 3080 1638 3102 OOOOOOOOOOO

347 3189 561 3238 Sehutz.
600 3189 773 3250 gloria
806 3189 955 3239 deest
990 3188 1041 3236 in
1066 3187 1310 3238 heim—8
1344 3187 1477 3250 Reg.
1499 3185 1616 3238 eod.
1640 3183 1860 3244 Schotti,
1881 3182 2074 3232 venet.
2097 3185 2244 3232 1481.
2267 3180 2411 3231 Cret.
2434 3180 2557 3230 Vie-

354 3260 455 3303 tor.
479 3255 683 3303 Mennt.
701 3254 861 3315 ἰηιαςο
879 3252 1083 3315 κίοι-ἕως
1116 3250 1301 3302 Lemb.
1329 3253 1467 3314 conj.
1490 3251 1650 3312 itnngo
1671 3250 1891 3298 voci—4
1926 3246 2059 3296 Edd.
2098 3254 2226 3295 vett.
2264 3245 2408 3296 Cret.
2441 3246 2558 3294 Μι-

352 3326 467 3367 nut.
484 3318 663 3368 lamb.
685 3332 715 3366 a
740 3315 987 3368 boum—5
1024 3315 1160 3366 Edd.
1193 3317 1462 3379 antiquiss.
1486 3316 1634 3365 Cret.
1658 3313 1861 3362 Victor.
1888 3313 2088 3361 Menut.
2118 3309 2292 3358 bamb.
2325 3311 2559 3370 preclara

348 3383 617 3432 ettam-o
650 3383 809 3443 Atque
845 3383 887 3431 ii
929 3378 1150 3445 Argeut.
1185 3385 1331 3430 1611.
1370 3381 1572 3430 Erum.
1637 3378 1789 3439 Mox,
1827 3377 2065 3438 voluptate
2103 3373 2353 3423 libidinum
2388 3374 2558 3422 codex

348 3461 481 3494 unua
505 3446 679 3497 Oxou.
704 3446 898 3495 Elisus.
924 3448 971 3493 1.
1012 3459 1192 3508 margo
1226 3445 1369 3496 Crat.
1436 3444 1689 3493 libidinum
1725 3442 1961 3503 voluptate
2000 3438 2146 3487 Med.
2213 3436 2381 3486 Paulo
2417 3445 2558 3499 poet.

349 3511 563 3559 omnibu
595 3509 832 3572 contingit
861 3510 1066 3560 Maunt.
1117 3509 1384 3571 contingit.-
1418 3507 1631 3558 omibus
1663 3505 1757 3568 his,
1792 3507 1874 3568 qe.
1913 3500 2031 3552 Ald.
2069 3499 2230 3549 Wolf.
2261 3501 2314 3550 in
2353 3499 2436 3549 ed.
2477 3516 2556 3564 pr.

350 3574 607 3688 grobante
628 3575 796 3622 Βοιώ.
858 3575 1010 3629 Tum,
1043 3579 1265 3622 mamae
1300 3573 1441 3636 qnod,
1463 3575 1546 3634 &c-
1579 3571 1711 3621 Dav.
1735 3571 1786 3618 in
1809 3570 1892 3618 ed.
1923 3569 2100 3631 pru—¹1
2135 3564 2270 3616 Edd.
2290 3565 2558 3631 antiquins.

400 3638 597 3689 eroald.
619 3638 822 3688 Menut.
847 3638 1025 3688 Lemb.
1049 3637 1176 3687 nune
1196 3637 1429 3686 medicina
1445 3636 1530 3685 eit.

1344 3770 1565 3821 ⁸0⁰1·AE

402 3889 1089 3956 ‘Imagofimgzortaewoee
1104 3886 1411 3947 minamglo-
1496 3884 1776 3934 Manutio=
1826 3879 2173 3932 Consentiem
2229 3879 2341 3928 leus
2395 3876 2556 3927 bono-

351 3967 441 4016 rioe
472 3967 699 4031 expungi
724 3967 897 4027 velim,
921 3973 979 4015 ut
1012 3978 1191 4014 sensus
1224 3964 1312 4024 sit,
1335 3961 1413 4010 Ea
1495 3975 1628 4016 rum,
1651 3965 1706 4010 et
1737 3959 2041 4020 incorrupte
2076 3969 2177 4003 vox
2204 3951 2555 4016 judicantium

350 4041 517 4105 gloria
560 4041 743 4091 virtuti
782 4038 1064 4105 respondet
1104 4039 1239 4090 sicut
1272 4051 1411 4101 quae·
1495 4035 1564 4084 de
1601 4033 1893 4086 excellente
1933 4033 2150 4088 virtute,
2189 4033 2272 4078 ent
2311 4033 2554 4088 tanquam

351 4118 471 4166 dnm
516 4115 675 4168 Eeho.
741 4117 839 4165 Vel
872 4117 917 4165 ei
948 4117 1121 4165 locum
1151 4115 1411 4178 integrum
1494 4111 1666 4171 Imago
1691 4122 1839 4159 nra
1874 4107 2076 4172 glorie,
2112 4117 2230 4170 quo
2272 4105 2325 4152 in
2359 4103 2556 4154 virtute

350 4205 563 4242 servare
604 4192 751 4254 velis,
794 4192 869 4241 sie
908 4189 1256 4255 interpretare
1295 4201 1411 4238 curn
1494 4183 1748 4236 consistit.
