3080 4788
549 404 680 473 978
1337 414 1416 460 u.
1466 412 1536 459 τ.
1578 410 1989 460 nicanorus

551 562 914 628 adhaerent.
1015 557 1245 641 Atque
1292 555 1452 621 inde
1497 554 1651 621 aliae
1696 556 2135 639 pertinentes³
2187 561 2367 633 sunt,
2414 576 2534 639 per
2580 578 2761 643 quas

553 664 738 729 cadit
766 664 958 728 cibus
989 680 1028 725 a
1049 660 1278 744 jecore
1310 658 1663 741 delapsus.
1726 656 1839 721 Ab
1873 676 1958 721 eo
1988 658 2147 723 cibo
2180 676 2335 722 cum
2366 666 2469 724 est
2498 671 2757 726 secreta

549 766 731 841 bilis,
762 765 947 848 iique
991 762 1304 826 humores
1347 760 1464 843 qni
1507 776 1595 821 ex
1626 759 1945 823 renibus⁴
1970 758 2475 843 profunduntur,
2502 762 2759 845 reliqua

551 886 627 931 se
659 867 726 930 in
755 865 1140 947 sanguinem
1173 864 1454 936 vertunt,
1485 860 1572 925 ad
1604 860 2009 943 easdemque
2037 868 2268 945 portas
2302 860 2555 945 jecoris
2596 883 2752 927 con·

547 969 786 1042 fluunt,
818 966 903 1031 ad
946 984 1118 1049 quas
1145 982 1376 1028 omnes
1402 962 1549 1046 ejus
1578 962 1709 1027 viae
1746 962 2119 1044 pertinent3
2162 980 2286 1044 per
2312 981 2487 1045 quas
2516 963 2755 1047 lapsus

549 1070 766 1143 cibuS,
797 1070 868 1132 in
913 1068 1039 1131 hoc
1083 1068 1237 1150 ipso
1281 1067 1465 1143 loco,
1495 1066 1569 1129 in
1588 1082 1761 1127 eam
1792 1082 2036 1127 venam
2068 1082 2224 1147 quae
2252 1082 2420 1129 cava
2450 1066 2753 1148 appella-

547 1178 675 1250 tur,
707 1167 1157 1243 confunditur,
1202 1186 1457 1252 perque
1504 1186 1657 1231 eam
1698 1165 1783 1230 ad
1830 1184 1970 1243 cor,
2014 1164 2367 1230 confectus
2403 1166 2549 1249 jam
2596 1185 2752 1231 coc·

545 1278 810 1355 tneque,
841 1271 1246 1355 perlabitur:
1293 1290 1340 1334 a.
1379 1269 1583 1334 corde
1626 1276 1853 1332 autem
1899 1268 1965 1330 in
1996 1275 2213 1331 totum
2250 1285 2496 1351 corpus
2528 1267 2751 1332 distri-

544 1373 774 1437 buitur
816 1392 937 1455 per
983 1390 1193 1435 venas
1237 1369 1593 1434 admodum
1639 1370 1911 1444 multae,
1941 1367 2015 1431 in
2061 1386 2293 1433 omnes
2342 1374 2568 1451 partes
2608 1388 2751 1433 cor-

545 1474 731 1557 poris
761 1472 1191 1555 pertinentes.
1263 1470 1413 1535 138.
1455 1472 1567 1553 [p.
1594 1471 1738 1551 54]
1780 1468 2362 1548 Quemadmodum
2394 1475 2616 1534 autem
2647 1488 2749 1533 re-

542 1574 776 1659 liquiae
825 1574 962 1637 cibi
1005 1571 1451 1654 depellantur,
1500 1578 1643 1635 tum
1696 1570 2215 1652 astringentibus
2260 1590 2337 1635 se
2386 1570 2745 1648 intestinis,

539 1683 687 1741 tum
735 1674 1222 1752 relaxantibus,
1255 1674 1431 1739 haud
1475 1693 1635 1739 sane
1664 1672 1936 1738 difficile
1958 1672 2152 1738 dictu
2186 1680 2329 1738 est:
2374 1673 2495 1737 sed
2528 1682 2748 1739 tamen

542 1775 1076 1861 praetereundum
1123 1782 1251 1854 est,
1303 1795 1384 1839 ne
1431 1775 1599 1860 quid
1650 1776 1895 1839 habeat
1946 1773 2455 1857 injucunditatis
2508 1775 2745 1840 oratio.

541 1877 678 1942 Illa
719 1877 943 1959 potius
981 1876 1360 1959 explicetur
1407 1875 1813 1941 incredibilis
1864 1875 2119 1941 fabrica
2166 1884 2445 1941 naturae.
2543 1875 2746 1954 Nam,

541 1996 698 2061 quae
725 1978 966 2060 spiritu
997 1976 1066 2040 in
1094 1977 1442 2061 pulmones
1473 1977 1697 2043 anima
1728 1977 2018 2052 ducitur,
2042 1997 2124 2042 ea
2154 1977 2439 2043 calescit
2459 1978 2743 2061 primum

540 2080 630 2143 ab
657 2098 740 2143 eo
763 2078 1062 2161 spiritu,⁵
1082 2078 1321 2143 dein-de
1344 2081 1737 2161 contagione
1762 2078 2193 2162 pulmonum3
2234 2098 2330 2144 ex
2350 2098 2565 2163 eaque
2591 2097 2747 2162 pars

535 2182 840 2247 redditur
879 2181 1292 2265 respirando,
1324 2200 1480 2266 pars
1524 2182 1907 2264 concipitur
1950 2182 2174 2246 cordis
2204 2189 2393 2264 parte
2424 2180 2737 2264 quadam,

539 2303 737 2366 quem
786 2284 1222 2347 ventriculum
1269 2284 1496 2348 cordis
1539 2284 1935 2366 appellant3
1980 2283 2089 2345 cui
2132 2282 2371 2346 similis
2412 2281 2579 2346 alter
2620 2281 2743 2345 ad-

526 2382 802 2467 junctus
845 2388 969 2461 est,
998 2384 1066 2447 in
1111 2405 1308 2468 quem
1355 2385 1629 2468 sanguis
1662 2405 1703 2450 a
1733 2385 1970 2468 jecore
2002 2405 2124 2467 per
2152 2403 2391 2449 venam
2418 2383 2603 2448 illam
2632 2403 2742 2447 ca-

535 2503 694 2549 vam
735 2483 968 2547 influit.
1061 2483 1300 2567 quue
1331 2485 1559 2562 modo,
1590 2505 1677 2550 ex
1708 2486 1814 2550 his
1844 2486 2166 2568 pat-tibae,
2200 2495 2273 2549 et
2301 2485 2577 2567 sanguis
2622 2503 2744 2567 per

535 2601 742 2648 venas
788 2583 858 2646 in
899 2601 1098 2646 omne
1137 2601 1383 2667 corpus
1423 2583 1839 2662 diffunditur,
1872 2591 1939 2650 et
1970 2587 2249 2668 spiritus
2280 2605 2401 2670 per
2443 2585 2741 2650 arterias,

533 2683 857 2766 Utraeque
906 2690 1158 2762 autem,
1201 2686 1458 2750 crebrae
1498 2687 1873 2769 multaeque
1923 2693 2067 2752 toto
2112 2705 2392 2770 corpore
2432 2688 2742 2765 intextae,

533 2787 670 2850 vim
714 2785 1048 2868 quandam
1091 2785 1549 2850 incredibilem
1591 2787 1941 2850 artificiosi
1973 2787 2201 2869 operis
2231 2787 2576 2870 divinique
2606 2793 2737 2852 tes-

532 2894 776 2950 tantur.
863 2885 1012 2950 139.
1062 2885 1247 2964 Quid
1283 2887 1506 2951 dicam
1535 2887 1619 2951 de
1664 2889 1989 2952 ossibus?
2036 2907 2212 2971 quae,
2242 2889 2555 2970 subjecta
2600 2907 2739 2952 cor·-

529 2988 699 3071 pori‚
763 2986 1100 3050 mirabiles
1161 2987 1639 3051 commissuras
1700 2989 1966 3064 habent,
2022 2997 2093 3051 et
2154 2989 2240 3052 ad
2300 2989 2739 3052 stabilitatem

531 3093 756 3168 aptae,
787 3095 858 3150 et
887 3087 971 3150 ad
1003 3093 1182 3150 artus
1213 3085 1595 3152 finiendos⁶
1635 3088 2209 3166 accommodatas,
2243 3101 2312 3153 et
2340 3089 2427 3152 ad
2456 3098 2737 3166 motum,

530 3195 598 3254 et
643 3187 733 3252 ad
786 3207 1048 3252 omnem
1103 3189 1407 3272 corporis
1457 3190 1811 3254 actionem.
1926 3189 2089 3255 Huc
2144 3189 2318 3256 adde
2374 3209 2637 3267 nervoS,
2691 3209 2737 3254 a

1458 3354 1824 3378 mm

530 3477 769 3526 nonnulli
805 3477 962 3527 codd.
980 3477 1258 3528 Heindorf.
1297 3479 1492 3528 Moser.
1523 3479 1737 3529 Schutz.
1774 3479 1941 3530 Orell.
1976 3479 2249 3530 Nobb.—s
2284 3480 2413 3531 Voc.
2443 3481 2741 3543 pertinentes

529 3554 828 3603 suspectum
851 3551 933 3592 est
956 3543 1214 3592 Erae-tio.
1259 3544 1370 3592 alioe
1391 3545 1486 3592 alio
1505 3545 1798 3604 pertinentes
1818 3545 1958 3607 conj.
1980 3543 2261 3594 Heindorf.
2280 3559 2384 3594 non
2412 3545 2739 3606 improbante

529 3605 725 3654 Moser.
747 3607 860 3654 alioe
881 3607 950 3655 ad
974 3621 1112 3656 renes
1130 3605 1423 3670 pertinentes
1445 3607 1630 3656 Lamb.
1696 3615 1709 3636 ‘
1729 3609 1938 3658 Excidit
1962 3623 2087 3658 sane
2111 3609 2342 3672 aliquid-⁹
2377 3610 2527 3658 Orell-
2588 3609 2737 3668 Tum,

527 3669 743 3730 dilapsus
763 3669 914 3718 codd.
944 3678 1000 3719 et
1033 3671 1156 3721 edd.
1191 3679 1316 3720 ante
1351 3673 1657 3721 victum—4
1692 3672 1859 3722 Codd.
1894 3673 2109 3736 aliquot,
2146 3673 2295 3724 Junt.
2330 3673 2537 3722 Victor.
2568 3674 2737 3723 Hein-

527 3731 664 3781 dorf.
687 3733 883 3782 Moser.
905 3734 1071 3784 Orell.
1107 3736 1191 3798 qai
1211 3751 1237 3784 e
1255 3736 1466 3786 renibus.
1529 3737 1682 3796 Mox,
1719 3737 1923 3800 reliqua,
1962 3753 2067 3800 qaoe
2088 3751 2137 3785 re
2169 3737 2223 3786 in
2244 3739 2525 3799 sanguinent
2543 3745 2741 3788 vertunt

527 3797 593 3844 nd
609 3799 795 3847 eaedem
817 3803 980 3859 porta·
1001 3800 1140 3862 conj.
1165 3799 1444 3849 Heindorf.
1467 3800 1797 3863 improbante
1818 3802 1987 3850 Orell.
2055 3801 2220 3853 Panlo
2242 3811 2383 3865 post,
2404 3801 2537 3850 cibas
2570 3818 2633 3850 ex
2648 3804 2739 3852 hoe

525 3861 730 3911 Victor.
753 3863 957 3911 Manut.
1029 3864 1251 3924 Deinde,
1270 3865 1379 3924 jam
1399 3870 1676 3928 coactusque
1697 3865 1849 3915 codd.
1874 3867 2129 3929 plerique,
2164 3880 2335 3926 margo
2356 3867 2507 3916 Jnnt·
2530 3867 2737 3916 Victor.

529 3923 712 3974 Lamb.
748 3926 999 3975 Gran—6
1035 3927 1123 3976 Ita
1163 3929 1324 3977 Grut.
1368 3938 1424 3978 et
1460 3929 1658 3978 Moser.
1688 3929 1750 3977 ab
1787 3931 1889 3992 ipso
1933 3929 2111 3993 spiritu
2142 3944 2323 3992 margo
2357 3931 2551 3978 Vener.
2588 3933 2739 3978 15⁰7.

525 3987 676 4039 Junt.
699 3991 905 4040 Manat.
931 3990 1112 4040 Lamb.
1149 3991 1432 4041 Heindorf.
1465 3994 1677 4044 Schmz.
1703 3993 1872 4044 Orell.
1901 3994 2003 4056 ipso
2022 3994 2084 4042 ab
2105 3995 2282 4057 spiritu
2302 3994 2455 4044 codd.
2478 3995 2737 4057 plerique.

525 4053 732 4102 Victor.
757 4053 890 4103 Dav.
914 4054 1090 4105 Nobb.
1115 4057 1218 4118 ipso
1238 4057 1416 4118 spiritu
1449 4059 1543 4106 La.
1590 4057 1759 4107 deinde
1791 4058 2105 4120 musitatione
2143 4057 2296 4107 codd.
2337 4059 2550 4120 aliquot,
2578 4058 2737 4108 Junt.

524 4127 704 4178 margo
728 4117 920 4167 Venet.
946 4123 1089 4168 15⁰7.
1123 4121 1328 4168 Mannt.
1365 4122 1546 4170 Lamb.
1586 4122 1726 4170 Dav.
1764 4123 1939 4172 Nobb.
1971 4123 2142 4171 deinde
2170 4122 2455 4180 cogitatione
2475 4121 2559 4170 ed.
2584 4127 2735 4173 1584.

525 4181 694 4229 deinde
712 4197 741 4226 o
759 4184 1070 4232 concitatione
1093 4196 1122 4230 e
1141 4183 1258 4232 cod.
1283 4184 1527 4234 Gothofr.
1551 4185 1829 4235 Heindorf.
1850 4196 1905 4237 et
1930 4187 2142 4235 Scbntz.
2208 4185 2359 4248 Tum,
2390 4201 2527 4248 quarn
2546 4189 2733 4234 centri·

525 4244 680 4292 calum
716 4245 920 4296 Victor.
952 4247 1160 4298 Manat.
1201 4248 1385 4298 Lamb.
1423 4251 1561 4301 Dav.
1602 4249 1879 4302 Heindorf.
1912 4251 2105 4300 Moser.
2146 4249 2415 4302 OrelL-ss
2446 4249 2728 4300 Heindorf.
