3080 4788
479 345 611 414 508
1256 360 1333 407 M.
1379 359 1448 407 τ.
1494 356 1899 407 cromerus

443 513 823 572 'sonorumz
874 508 939 568 et
987 507 1176 568 astra
1223 501 1681 584 suspeximus,
1732 506 1867 564 tum
1916 517 2021 574 ea,
2064 515 2219 580 quae
2272 503 2427 563 sunt
2466 498 2681 569 infixa

481 605 682 670 certis
726 603 918 681 locis,
950 612 1088 667 tum
1135 601 1252 667 illa
1280 620 1413 666 non
1443 620 1536 673 re,
1567 601 1687 666 sed
1716 599 2049 664 vocabulo
2069 606 2093 634 ⁸
2129 599 2456 664 errantia:
2513 619 2677 683 quo·

480 725 626 772 rum
670 705 1147 770 conversiones
1189 721 1555 784 omnesque
1598 709 1822 766 motus
1863 700 1979 784 qui
2022 698 2361 764 animus¹⁸
2400 700 2591 779 vidit,
2618 703 2677 766 is

481 806 742 880 docuit,
773 805 1060 870 similem
1106 805 1400 868 animum
1431 820 1631 866 suum
1663 803 1811 886 ejus
1837 821 2013 878 esse,
2042 802 2156 885 qui
2188 820 2273 866 ea
2296 801 2678 868 fabricatus

478 911 657 972 esset
705 909 774 972 in
829 906 1030 972 coelo.
1119 905 1232 970 63.
1279 903 1462 969 Nam
1513 922 1668 968 cum
1710 902 2190 967 Archimedes⁸
2232 902 2433 980 lunae,
2486 904 2675 978 solis,

479 1011 774 1093 quinque
801 1009 1190 1084 errantium,
1211 1012 1430 1071 motus
1461 1006 1525 1068 in
1550 1004 1879 1087 sphaeram
1904 1004 2207 1086 illigavit,
2231 1003 2451 1070 effecit
2475 1004 2677 1082 idem,

479 1111 668 1195 quod
698 1110 828 1182 ille.
855 1110 970 1194 qui
996 1109 1064 1172 iu
1081 1107 1346 1172 Timaeo
1367 1105 1686 1170 mundum
1712 1103 2103 1181 aedificavit,
2126 1104 2439 1169 Platonis
2463 1105 2679 1182 Deus,

481 1217 555 1276 ut
597 1210 910 1275 tarditate
952 1215 1018 1275 et
1064 1209 1398 1274 eeleritate
1447 1205 1934 1271 dissimillimos
1980 1215 2203 1269 motus
2254 1225 2384 1271 una
2429 1215 2681 1290 regeret

481 1312 858 1378 conversio.
958 1310 1168 1390 Quod
1217 1311 1278 1376 si
1326 1310 1395 1374 in
1444 1307 1575 1372 boc
1620 1306 1875 1372 mundo
1896 1314 1941 1355 ¹³
1984 1306 2125 1371 fieri
2162 1307 2309 1372 sine
2349 1307 2501 1372 Deo
2542 1325 2679 1371 non

483 1420 730 1494 potest,
775 1431 859 1476 ne
907 1413 977 1476 in
1024 1411 1288 1496 spbaera
1333 1411 1601 1495 quidem
1652 1409 1927 1474 eosdem
1976 1417 2199 1472 motus
2244 1406 2681 1475 Archimedes

485 1514 632 1578 sine
658 1514 886 1578 divino
915 1513 1176 1596 ingenio
1205 1513 1536 1595 potuisset
1568 1509 1830 1574 imitari.
1908 1523 2135 1573 xxvi.
2169 1509 2281 1573 64.
2324 1509 2501 1573 Mihi
2521 1528 2681 1575 vero

483 1633 565 1679 ne
609 1613 755 1679 baec
799 1614 1067 1698 quidem
1111 1614 1368 1678 notiora
1411 1617 1482 1678 et
1523 1611 1931 1677 illustriora¹
1982 1629 2202 1675 carere
2230 1610 2295 1674 vi
2326 1610 2555 1676 divina
2584 1613 2676 1676 vi·

485 1715 741 1793 dentur,
770 1723 846 1782 ut
887 1736 1016 1798 ego
1062 1724 1180 1782 aut
1224 1715 1496 1799 politam
1542 1732 1739 1797 grave
1784 1712 2185 1796 plenumque
2225 1730 2491 1776 carmen
2536 1714 2680 1776 sine

483 1816 752 1881 coelesti
775 1817 1004 1900 aliquo
1035 1817 1275 1882 mentis
1305 1815 1623 1881 instinctu
1648 1819 1868 1897 putem
1898 1813 2197 1891 fundere,
2222 1819 2337 1878 aut
2358 1811 2680 1898 eloquen-

483 1917 650 1984 tiam
681 1917 821 1980 sine
853 1919 1146 2001 quadam
1179 1917 1247 1982 vi
1277 1917 1534 2001 majore
1562 1915 1789 1992 fluere,
1813 1915 2255 1990 abundantem
2288 1915 2681 1980 sonantibus

483 2017 729 2092 verbis,
763 2019 1208 2102 uberibusque
1238 2018 1611 2084 sententiis.
1701 2015 2143 2100 Philosophia
2176 2035 2355 2092 vero,
2385 2018 2681 2081 omnium

484 2126 694 2182 mater
737 2119 998 2198 artium,
1034 2120 1194 2201 quid
1227 2125 1331 2184 est
1359 2119 1565 2196 aliud,
1598 2119 1751 2195 nisi,
1786 2125 1860 2182 ut
1896 2117 2090 2182 Plato
2120 2118 2272 2194 ait,²
2304 2116 2575 2194 donum,
2608 2127 2684 2181 ut

481 2236 634 2299 ego,
657 2217 994 2282 inventum
1028 2220 1374 2283 Deorum?
1449 2219 1631 2293 Haeo
1660 2237 1787 2282 nos
1817 2219 2102 2301 primum
2134 2219 2219 2282 ad
2251 2218 2509 2282 illorum
2542 2217 2681 2284 cul·

481 2326 645 2401 tum,
677 2318 912 2382 deinde
943 2318 1026 2397 ad
1046 2318 1165 2404 jus
1194 2319 1553 2398 hominum,
1585 2320 1765 2405 quod
1798 2321 2000 2384 situm
2032 2325 2136 2384 est
2166 2321 2233 2383 in
2266 2320 2525 2403 generis
2564 2319 2685 2384 bu-

485 2420 665 2485 mani
692 2420 1045 2500 societate,
1070 2429 1208 2485 tum
1239 2421 1326 2485 ad
1357 2420 1777 2501 modestiam,
1809 2420 2454 2505 magnitudinemque
2480 2422 2685 2487 animi

485 2520 811 2587 erudivitt
857 2520 1224 2603 eademque
1267 2521 1356 2587 ab
1401 2522 1651 2597 animo,
1682 2532 1995 2605 tanquam
2038 2522 2127 2586 ab
2170 2521 2411 2597 oculis,
2454 2522 2681 2602 ealigi-

485 2640 628 2685 nem
655 2620 982 2705 dispulit,³
1013 2628 1092 2686 ut
1114 2622 1334 2685 omnia
1351 2640 1630 2704 supera,
1655 2621 1888 2695 infera,
1915 2621 2153 2704 prima,
2179 2622 2439 2700 ultima,
2461 2624 2685 2689 media

486 2720 890 2788 videremuS.
975 2721 1085 2788 65.
1130 2721 1420 2787 Prorsus
1449 2722 1597 2787 boec
1628 2722 1855 2787 divina
1884 2723 2045 2788 mibi
2074 2723 2335 2789 videtur
2376 2724 2497 2803 vis,
2525 2744 2683 2808 quae

1404 2850 1774 2873 ”numm

483 2922 1360 3057 ffffltzs’ssf‘ffzzsrffit‘az‘
1375 2918 2685 3047 mf’ssT‘ss‘.3f¹‘¹1·..1:3‘2;..-‘3.5-‘323'2‘3321sss‘3s

483 3054 540 3094 et
581 3046 804 3095 Erue-tii
843 3053 1147 3108 conjecturs
1174 3046 1361 3109 primus
1390 3046 1535 3098 dedit
1572 3048 1781 3097 Selium.
1810 3048 1997 3096 enims·
2020 3049 2165 3097 uncis
2188 3048 2504 3098 incluserunt
2524 3049 2686 3101 wolf.

483 3110 538 3159 in
561 3108 648 3157 ed.
671 3123 751 3172 pr.
772 3116 828 3157 et
851 3108 1017 3159 Orell.
1041 3109 1238 3159 delevit
1265 3110 1419 3160 wolf.
1456 3112 1508 3161 in
1534 3110 1622 3161 ed.
1644 3126 1747 3161 nee.
1811 3112 1957 3169 Mox,
1990 3126 2090 3161 em
2126 3110 2229 3172 <iss
2266 3112 2385 3163 edd.
2416 3114 2686 3177 antiquiss.

484 3172 712 3229 Deinde,
745 3173 800 3223 in
830 3172 942 3221 celo
972 3179 1095 3223 esset
1133 3174 1254 3223 edd.
1288 3186 1406 3225 anto
1441 3176 1747 3228 Gaba—13
1780 3176 1984 3226 Manut.
2016 3176 2177 3225 hocin
2196 3178 2403 3235 mando,-
2440 3177 2686 3243 Hotting.

482 3239 676 3349 ιιιέρίο.
708 3236 762 3285 in
801 3239 972 3286 mundo
1003 3237 1124 3297 Ιιοες
1175 3237 1339 3288 Codd.
1377 3240 1577 3303 aliquot
1614 3240 1788 3291 Oxou.
1842 3240 1941 3296 Qun·
1984 3240 2031 3289 si
2068 3240 2153 3290 hoc
2188 3242 2597 3293 mundo-...nec
2634 3244 2687 3293 in

479 3315 534 3365 sp
571 3332 584 3348 .
615 3304 695 3364 &e-

549 3364 686 3415 cn.
720 3376 878 3414 xxvt.
945 3368 972 3413 1
1007 3364 1199 3414 Venet.
1225 3368 1367 3414 1481.
1399 3364 1642 3416 Beroald.
1680 3366 1746 3415 nl.
1785 3372 1913 3417 vett.
1947 3370 1997 3416 et
2027 3366 2137 3427 jam
2170 3368 2455 3417 illustriora.
2538 3368 2688 3430 Mox,

483 3428 610 3477 hand
639 3428 826 3491 ροὲωηι
849 3428 1045 3479 Elisus.
1071 3433 1119 3477 1.
1143 3434 1198 3477 et
1220 3430 1358 3478 Dar.
1401 3431 1552 3487 Tum,
1575 3431 1680 3481 sine
1711 3432 2024 3491 celeuma-e.
2060 3432 2205 3481 Leid.
2226 3434 2375 3496 prob.
2395 3432 2565 3483 Βοιὼ.
2590 3448 2688 3484 non

478 3497 644 3554 pstea
663 3492 872 3551 fundere
891 3494 1028 3555 eonj-
1048 3494 1286 3544 Ernesti:
1319 3494 1423 3545 sine
1441 3494 1617 3557 medor-e
1631 3497 1839 3558 quadan
1858 3498 1907 3545 οι·
1932 3496 2063 3559 Reg.
2082 3496 2208 3546 edd.
2233 3502 2363 3547 vett.
2389 3496 2553 3547 Orelt.
2585 3501 2689 3550 sitta

481 3554 662 3621 pudore
677 3556 726 3604 vi
741 3556 926 3616 quiden
950 3557 1184 3606 Dave—2
1205 3557 1338 3619 Reg.
1355 3560 1398 3607 E
1413 3559 1463 3608 U
1484 3563 1530 3621 ξ,
1552 3560 1638 3608 olii
1654 3559 1809 3609 codd.
1832 3570 1887 3609 et
1910 3561 2047 3609 Dav.
2064 3562 2311 3611 omittunt
2328 3562 2433 3619 ait,-
2458 3563 2505 3612 D
2528 3562 2689 3615 habet

482 3619 722 3683 sapienter
733 3619 852 3668 dicit
863 3633 888 3683 ,-
911 3620 1196 3683 asapienter
1215 3622 1334 3671 dicit
1350 3624 1661 3687 sapientiam3
1675 3622 1735 3672 τδ
1752 3624 1825 3675 ait
1842 3625 1988 3675 uncis
2008 3626 2219 3677 inclusit
2233 3625 2499 3676 Otene—⁸
2518 3625 2689 3678 Codd.

1481 3764 1698 3817 NOTAE

549 3870 571 3897 ¹·
593 3862 708 3911 Non
727 3875 800 3923 re,
819 3861 902 3910 ced
921 3858 1168 3925 mohab]
1193 3860 1386 3911 Stella
1405 3874 1543 3913 erra·
1688 3872 1709 3899 ·
1744 3865 1873 3915 Nan
1890 3880 1998 3915 essu
2018 3865 2347 3930 Aminean]
2384 3868 2465 3917 De
2484 3868 2687 3933 spbora

485 3950 544 3986 re
569 3938 698 3987 adeo
721 3936 963 4002 negabat,
988 3944 1049 3987 ut
1085 3937 1370 4001 impietatis
1394 3938 1547 4001 Grae-
1626 3940 1741 4003 ejus
1762 3942 1997 3992 versatili
2021 3941 2140 3993 vido
2162 3942 2231 3993 de
2251 3944 2381 3993 Nat·
2400 3945 2561 3995 Deor.
2594 3944 2685 3996 lib.

394 4055 400 4063 .
485 4025 574 4061 eos
631 4018 921 4077 accusaret,
988 4010 1128 4079 quod
1181 4026 1332 4063 secus
1383 4014 1545 4065 senti·
1624 4029 1689 4067 ιι.

489 4092 624 4137 rent.
