3080 4788
2481 344 2616 411 553

409 492 537 576 pro
562 487 709 556 vita
734 488 1023 556 civium:
1087 492 1192 575 [p.
1222 490 1405 575 1¹74]
1444 491 1818 574 codrumy*
1844 494 2066 579 quise
2093 495 2165 562 in
2195 496 2460 564 medios
2488 498 2610 565 im-

408 590 596 657 misit
642 592 894 668 hostes,
942 600 1135 657 veste
1176 594 1513 674 famulari,
1562 615 1650 660 ne
1693 605 1932 679 posset
1973 600 2267 681 agnosci,
2317 599 2378 663 si
2423 609 2612 669 esset

406 700 651 759 ornatu
680 692 897 775 regim
942 692 1124 777 quod
1154 695 1495 759 oraculum
1524 702 1668 761 erat
1703 697 1954 777 datum,
1985 699 2046 763 si
2076 718 2198 764 rex
2224 700 2610 769 interfectus

408 801 615 873 esset,
649 795 963 861 victrices
986 792 1295 861 Athenas
1316 797 1477 863 fore.
1552 797 1961 865 Menoeceus
1978 808 2008 838 ¹¹
2034 820 2190 866 vero
2209 808 2256 841 ¹¹
2277 821 2408 868 non
2433 822 2612 887 prae-

406 895 807 973 ten-mittitur,
827 897 967 979 qui,
997 897 1271 963 oraculo
1300 897 1509 976 edito,
1534 897 1816 980 largitus
1845 906 1950 965 est
1978 902 2218 985 patriae
2241 921 2438 968 suum
2461 924 2604 969 san-

406 996 698 1077 guinem.
784 996 1187 1080 Iphigenia⁰
1226 996 1478 1063 Aulide
1520 998 1678 1065 duci
1715 1020 1791 1065 se
1835 1002 2311 1068 immolandam
2333 1003 2610 1086 jubet‚¹⁸

404 1104 489 1162 ut
511 1096 808 1163 hostium
838 1098 1110 1179 sangnis
1137 1098 1439 1166 eliciatur
1467 1119 1620 1165 sno.
1708 1117 1934 1165 xmx.
1979 1101 2278 1169 Veniunt
2317 1101 2476 1169 inde
2519 1104 2606 1168 ad

403 1197 745 1281 propiora.
852 1197 1310 1264 Harmodius?
1354 1202 1428 1264 in
1470 1208 1636 1279 ore,¹
1690 1207 1757 1267 et
1799 1202 2238 1287 Aristogiton,
2280 1204 2604 1269 Lacedae-

404 1299 687 1365 monius·
714 1298 1109 1377 Leonidas,¹¹
1148 1300 1517 1367 Thebanus
1545 1301 2054 1387 Epaminondas
2083 1305 2329 1388 vigent.
2420 1304 2600 1371 Nos-

733 345 1054 398 wsoun.
1100 346 1618 411 quAEsrmuun
1669 350 1818 401 mn.
1869 353 1920 400 1.
1967 354 2127 403 cn.
2173 340 2282 407 49.

1327 1481 1688 1506 ”Omoouu

397 1598 541 1649 dm
562 1597 717 1649 ciem
735 1598 874 1662 conj.
896 1596 1111 1649 Nissen.
1172 1598 1407 1661 Deinde,
1427 1600 1673 1661 smum-i
1699 1605 1831 1651 uste
1861 1599 1986 1651 edd.
2020 1606 2143 1651 ante
2179 1599 2477 1653 Gebb.—11
2515 1601 2605 1653 Ita

396 1662 615 1712 Venett.
638 1665 784 1712 1480.
808 1666 955 1713 1481.
977 1663 1223 1713 Bet-naid.
1246 1663 1312 1714 al.
1336 1670 1467 1714 vett.
1508 1679 1617 1714 uero
1639 1666 1890 1715 omittunt
1913 1664 2046 1727 Re..
2071 1666 2227 1714 Bern.
2246 1670 2291 1715 1.
2313 1667 2453 1714 Dav.
2470 1667 2603 1717 Lali.

396 1724 563 1777 Wolf.
596 1726 825 1776 sebum·
849 1726 1020 1777 Orell.
1084 1728 1191 1777 Pro
1227 1728 1311 1792 qiu·
1346 1729 1476 1792 Reg.
1513 1728 1674 1779 babet
1706 1730 1927 1793 quidem,-
1969 1728 2106 1778 unde
2145 1730 2324 1777 Bentl.
2349 1730 2484 1793 conj.
2518 1731 2602 1795 qai

396 1789 607 1849 itidem,-
656 1792 795 1841 Dav.
827 1791 1023 1856 suspic.
1055 1791 1139 1855 qui
1174 1794 1443 1843 iteum—lii
1476 1793 1690 1844 Ernesti
1729 1793 1865 1857 conj.
1897 1792 2094 1855 prabet.
2167 1792 2376 1849 Statim,
2406 1794 2606 1856 sanguis

392 1854 647 1905 omittunt
668 1854 802 1919 Reg.
826 1862 881 1905 et
902 1856 969 1905 al.
1004 1857 1149 1907 uncis
1176 1856 1389 1907 inclusit
1423 1856 1593 1907 Orell.
1651 1858 1931 1921 sanguinem
1963 1856 2122 1907 eliciet
2161 1856 2308 1906 Leid.
2345 1858 2601 1921 probante

396 1918 601 2035 332³.
626 1996 781 2035 mx.
848 1988 875 2035 1
913 1983 1071 2036 Rath.
1091 1999 1123 2035 e
1143 1984 1299 2039 codd.
1323 1985 1533 2036 volebat
1554 1985 1610 2035 ἐκ
1627 1996 1711 2035 ors
1729 1988 1822 2035 est.
1885 1984 2032 2042 Mox,
2070 1985 2203 2048 viget
2237 1985 2370 2051 Reg-
2403 1993 2462 2037 et
2494 1991 2602 2038 tres

1386 2132 1604 2187 NOTAE

391 2244 548 2284 uuam
588 2238 761 2283 tamen
804 2247 833 2283 a
868 2240 1019 2297 patre
1063 2238 1361 2290 mactatam,
1394 2239 1454 2284 nt
1532 2232 1647 2297 ipse
1671 2246 1768 2297 pro
1786 2233 1956 2284 salute
1974 2234 2158 2298 patria
2175 2232 2451 2284 devoveat.
2487 2235 2600 2285 De·

388 2308 701 2373 Eumolpum
740 2308 993 2368 vinceret,
1032 2310 1197 2361 tradit
1232 2310 1378 2362 Plut.
1398 2309 1451 2361 iu
1532 2314 1692 2358 vovet
1713 2322 1771 2357 se
1793 2308 1880 2357 ille
1902 2310 2069 2359 inscio
2103 2318 2271 2374 patre,
2306 2317 2362 2359 et
2385 2310 2598 2361 vincunt

388 2384 685 2437 Parallelis.
1529 2382 1760 2435 Thebani
1783 2384 2029 2450 Argivos,
2049 2393 2106 2436 nt
2130 2385 2440 2450 predictum
2465 2391 2598 2438 erat.

450 2466 488 2494 ¹¹¹
526 2459 759 2526 Codrum]
808 2461 1007 2526 Regem
1060 2461 1450 2520 Atheniensem,
1529 2457 1704 2512 Affine
1737 2468 1815 2511 est
1845 2462 1944 2511 hoc
1974 2461 2234 2511 Menoecei
2256 2460 2458 2512 facinus
2480 2461 2598 2514 Me·

386 2537 539 2601 cnjus
572 2544 697 2602 post
730 2545 954 2588 mortem
978 2538 1322 2589 Athenienses
1350 2539 1449 2591 sub
1530 2549 1604 2584 πε
1651 2535 1791 2600 regis
1833 2535 2188 2586 Moabitarum
2231 2533 2471 2600 facinori,
2505 2537 2596 2601 qui

386 2613 723 2664 archontibus
767 2615 1041 2679 perpetuis
1086 2613 1317 2674 fuerunt,
1359 2614 1449 2678 qui

382 2695 569 2754 postca
588 2689 843 2740 decennio
860 2683 1135 2753 finiti,titm
1157 2689 1331 2739 annui.
1375 2689 1449 2744 Is,

382 2770 628 2815 vastante
650 2763 883 2814 Atticam
915 2765 1155 2814 exercitu
1187 2764 1449 2830 Pelopon·

380 2841 665 2904 nesiorum,
683 2841 851 2906 inquit
870 2840 1099 2890 Pausan.
1124 2839 1205 2888 vel
1227 2839 1446 2890 Dorien-

380 2918 693 2980 sium-tene
716 2914 975 2966 Herodot.
998 2915 1083 2965 vel
1112 2913 1445 2965 Lacedaemo·

378 2992 604 3048 niolam,
642 2995 855 3040 anctore
875 2989 1101 3044 Velleio,
1139 3002 1443 3052 responsum

380 3068 448 3120 ab
482 3068 697 3118 oraculo
730 3067 951 3130 accepit,
972 3065 1126 3116 tinem
1150 3065 1289 3116 bello
1312 3065 1442 3123 fore,

330 3191 335 3196 .
377 3143 423 3195 si
452 3143 679 3194 'Codrus
728 3141 905 3192 hostili
956 3156 1109 3191 mauu
1156 3141 1441 3193 occideret.

378 3220 533 3272 Quod
565 3233 683 3269 cnm
714 3219 767 3268 in
802 3219 985 3268 castris
1020 3216 1292 3268 hostilibus
1323 3231 1443 3282 per-

376 3295 687 3359 erubuisset,
722 3293 953 3344 edictum
988 3301 1070 3343 est
1101 3307 1167 3342 ne
1204 3293 1319 3359 quis
1342 3293 1443 3342 Co-

376 3371 525 3422 drum
559 3370 895 3421 vulnerat-etz
936 3367 1053 3431 ipse
1084 3367 1443 3432 pabulantium

374 3447 601 3500 hostium
646 3445 805 3510 globo
846 3456 904 3495 se
960 3443 1153 3508 objecit
1204 3443 1445 3495 famulari

374 3524 543 3586 cultu,
566 3535 827 3585 unumque
852 3532 921 3570 ex
956 3519 1037 3570 his
1069 3518 1208 3570 falce
1226 3533 1443 3584 percus·

370 3613 483 3650 sum
522 3599 573 3648 in
604 3598 801 3648 casdem
822 3609 963 3647 snam
984 3596 1255 3660 compulit.
1319 3595 1439 3646 Val.

371 3673 520 3725 Max.
542 3686 597 3723 v.
618 3677 669 3722 6.

430 3757 459 3783 ¹¹
504 3745 795 3810 Menoeceu]
844 3745 1087 3796 Creontis
1137 3744 1433 3796 Thebarum

368 3823 509 3890 regis
540 3823 697 3875 filius.
763 3823 1037 3886 Regnante
1055 3821 1249 3871 Thebis
1273 3821 1432 3872 Eteo-

368 3902 471 3964 cle,
493 3904 804 3964 reposcente
840 3897 1055 3947 alternis
1088 3909 1301 3959 regnum
1327 3896 1431 3945 Po-

364 3977 554 4041 lynice,
567 3982 623 4026 et
641 3972 917 4024 obsidente
935 3987 1051 4023 cum
1068 3971 1277 4036 Argivis
1296 3971 1431 4022 The·

364 4055 475 4112 bas.
508 4054 797 4105 consulitur
831 4058 979 4101 vates
1010 4051 1251 4112 Tiresias,
1274 4066 1303 4101 a
1328 4065 1432 4116 quo

371 4143 677 4196 responsum
698 4127 889 4191 fertur,
909 4126 1183 4177 Thebanos
1208 4125 1433 4182 victores

366 4206 504 4272 fore,
523 4206 569 4257 sl
586 4205 912 4262 Memnona,
934 4201 1074 4256 tilius
1098 4202 1357 4267 Creontis,
1376 4191 1447 4254 se'

1528 2609 1692 2660 fllium
1715 2608 1978 2659 heredem
2001 2611 2056 2660 in
2081 2610 2241 2661 muris
2264 2611 2379 2675 ipse
2401 2619 2596 2662 macta·

1528 2685 1624 2735 vlt.
1660 2685 1790 2746 Ress.
1808 2697 1886 2734 tv.
1908 2689 1960 2734 8.

1594 2765 1620 2794 ⁰
1671 2760 1948 2825 Iphigenia]
2005 2760 2407 2826 Agamemnonis
2465 2759 2590 2813 filia.

1528 2833 1708 2886 Grmcl
1736 2837 1948 2899 Trojam
1975 2835 2216 2898 profecti,
2250 2851 2364 2886 cum
2391 2835 2455 2885 ad
2478 2837 2588 2888 Au·

1524 2911 1684 2962 iidem
1710 2910 1931 2961 Boeotim
1951 2919 2154 2975 portum
2171 2910 2459 2967 venissent,
2482 2925 2591 2960 sus-

1525 2987 1699 3052 pensis
1753 2988 1940 3047 ventis,
1986 2995 2045 3037 et
2098 2987 2400 3051 pestilentia
2441 3001 2586 3050 gras-

1525 3071 1694 3127 sante,
1740 3065 2017 3114 consulunt
2058 3066 2362 3126 oraculum3
2410 3077 2441 3114 a
2487 3079 2590 3129 quo

1523 3154 1828 3204 responsum
1863 3146 1963 3202 est,
1989 3139 2393 3204 Agamemnonis
2427 3139 2588 3192 filiam

1525 3216 1708 3272 Diana
1753 3229 1868 3266 esse
1911 3216 2308 3280 immolandum
2340 3216 2433 3266 sed
2471 3217 2587 3268 hoec

1524 3289 1578 3339 in
1621 3291 1736 3354 ipso
1773 3289 2030 3341 sacrificio
2064 3304 2095 3339 a
2127 3291 2298 3341 Diana
2330 3290 2590 3343 subducta

1524 3370 1626 3428 est,
1646 3373 1702 3417 et
1725 3379 1883 3415 cerva
1904 3365 2015 3427 ejus
2039 3365 2276 3415 inlocum
2299 3367 2589 3430 supposita.

1523 3439 1652 3504 Ipsa
1705 3441 1853 3504 virgo
1909 3439 1962 3488 in
2007 3439 2270 3503 regionem
2305 3439 2584 3494 Tauricam

1526 3517 1792 3573 translata,
1814 3514 1902 3565 ubi
1920 3515 2110 3566 Diana
2126 3516 2425 3568 sacerdotio
2439 3517 2582 3571 func·
2643 3513 2652 3532 ‘

1520 3600 1578 3643 ta
1593 3600 1694 3642 est.
1723 3591 1984 3641 Videntur
2002 3597 2176 3642 tamen
2193 3591 2340 3657 Virg-
2356 3600 2411 3645 et
2426 3594 2584 3646 Ovid.

1518 3683 1708 3720 caesam
1732 3665 2005 3718 affirmare.

1579 3756 1606 3791 s
1639 3743 1958 3808 limina]
2015 3745 2333 3797 Harmodius
2369 3754 2426 3798 et
2460 3747 2583 3798 Ari-

1512 3823 1765 3887 stogiton,
1783 3821 2122 3887 tyrannicida
2139 3822 2400 3884 celebres;
2424 3823 2587 3874 Pisis-

1513 3899 1638 3949 trati
1663 3898 1798 3949 enim
1813 3897 2389 3963 filium,Hipparcbum‚
2412 3897 2579 3950 Athe·

1512 3975 1594 4025 nis
1616 3983 1915 4040 tyrannum,
1937 3973 2332 4024 interfecerunt.
2405 3975 2576 4028 Hero-

1512 4051 1623 4101 dot.
1645 4051 1733 4102 lib.
1755 4064 1809 4100 v.
1826 4057 1882 4100 et
1905 4063 1986 4101 vx.
2016 4051 2250 4113 Thucyd.
2263 4050 2354 4101 lib.
2377 4064 2418 4102 1.
2435 4052 2576 4105 Vell.

1513 4125 1608 4176 lib.
1631 4137 1698 4174 ιι.

1577 4209 1602 4244 ⁴¹
1634 4198 1897 4264 monam]
1931 4200 2013 4253 De
2034 4198 2124 4262 illo
2146 4212 2321 4264 supra.
