3080 4788
762 357 1080 408 ruscum.
1126 355 1640 420 Quaerionuu
1693 357 1840 408 mn.
1891 359 1994 408 iv.
2045 359 2205 409 cn.
2251 343 2359 410 23.
2531 347 2650 414 '701

453 501 695 586 Scipio
724 497 996 588 quidem
1022 500 1155 580 ille,
1184 501 1535 586 pontifex!
1563 504 1924 585 maximus⁸
1959 504 2076 587 qui
2115 503 2248 571 hoc
2279 504 2662 573 Stoicorum

454 623 687 670 verum
714 623 867 668 esee
887 602 1281 680 declaravit,
1302 608 1323 642 ‘
1343 622 1680 688 nunquam
1708 606 2041 688 privatum
2065 625 2218 671 esse
2237 608 2665 692 sapientem,'

451 707 665 772 iratus
697 704 959 772 videtur
986 705 1195 770 fuisse
1224 704 1335 768 Ti.
1362 703 1698 785 Graccho,
1729 714 1896 786 tum,
1935 726 2088 772 cum
2124 711 2470 776 consulem
2516 710 2664 775 lan-

454 815 803 890 guentem·
844 806 1134 890 reliquit,
1174 813 1377 890 atque
1420 807 1572 891 ipse
1617 809 1938 890 privatus,
1971 814 2046 874 ut
2083 813 2144 875 si
2185 813 2418 878 consul
2461 819 2662 890 esset,

450 911 571 993 qni
612 909 1089 994 rempublicam
1134 909 1391 972 salvam
1434 927 1589 973 esse
1631 909 1859 989 vellet,
1891 930 1967 975 se
2005 913 2202 996 sequi
2237 913 2466 997 jussit.
2549 915 2660 979 52.

454 1009 737 1089 Nescio,
782 1010 1030 1095 ecquid
1081 1011 1215 1094 ipsi
1257 1015 1428 1074 nos·
1470 1010 1729 1075 fortiter
1761 1011 1832 1075 in
1873 1013 2226 1096 republica
2262 1014 2658 1082 fecerimus:

452 1114 513 1178 si
544 1113 705 1198 quid
734 1112 1039 1190 fecimuS,
1070 1119 1248 1178 certe
1278 1112 1435 1176 irati
1465 1131 1600 1176 non
1629 1113 1928 1179 fecimus.
2018 1114 2126 1179 An
2165 1125 2272 1182 est
2301 1116 2660 1200 quicquam

452 1215 741 1279 similius
788 1215 1097 1292 insaniae,
1145 1233 1345 1296 quam
1398 1214 1544 1278 ira?
1609 1233 1808 1298 quam
1864 1215 2028 1278 bene
2079 1213 2340 1281 Ennius
2397 1219 2659 1282 initium

450 1313 672 1381 dixit⁴
728 1313 1035 1380 insaniae.
1138 1315 1367 1393 Color,
1424 1333 1590 1388 vox,
1649 1316 1854 1391 oculi,
1905 1317 2205 1400 spirituS,
2261 1317 2663 1401 impotentia

452 1416 781 1482 dictorum
824 1425 1025 1499 atque
1064 1415 1419 1494 factorum,
1450 1435 1657 1498 quam
1706 1424 1968 1498 partem
2013 1417 2260 1484 habent
2301 1419 2658 1484 sanitatis?

452 1515 640 1596 Quid
672 1517 937 1582 Achille
979 1515 1395 1584 Homerico'³
1434 1517 1734 1582 foedius‘l
1783 1518 1950 1601 qnid
1987 1516 2540 1602 Agamemnone:
2588 1521 2659 1586 in

440 1619 713 1704 jurgio?
758 1625 957 1685 uam5
988 1616 1275 1702 Ajacem
1318 1619 1588 1703 quidem
1637 1619 1737 1684 ira
1782 1621 1868 1684 ad
1917 1622 2204 1686 furorem
2249 1628 2658 1707 mortemque

449 1719 793 1804 perduxit.
881 1719 1046 1784 Non
1089 1720 1291 1803 igitur
1335 1720 1672 1786 desiderat
1712 1721 2032 1786 fortitudo
2080 1722 2481 1788 advocatam
2533 1725 2658 1790 ira·

450 1822 788 1889 cundiam.
877 1821 1063 1886 Satis
1114 1829 1219 1886 est
1266 1821 1612 1898 instructa,
1657 1829 1936 1899 armata,
1987 1820 2268 1906 parata⁶
2313 1841 2435 1905 per
2481 1843 2658 1889 sese.

448 1921 633 1988 Nam
662 1923 795 1988 isto
824 1924 1025 1988 modo
1056 1923 1327 2006 quidem
1366 1923 1525 1988 licet
1569 1922 1816 2001 dicere,
1845 1922 2074 1988 utilem
2102 1922 2534 1988 vinolentiam
2570 1924 2656 1990 ad

445 2023 930 2102 fortitudinem,
980 2026 1213 2089 utilem
1264 2023 1472 2088 etiam
1518 2023 1944 2102 dementiam,
1987 2024 2174 2107 quod
2215 2033 2288 2089 et
2334 2023 2549 2090 insani
2589 2032 2662 2091 et

448 2125 619 2191 ebrii
660 2129 877 2192 multa
917 2125 1180 2190 faciunt
1214 2144 1399 2209 saepe
1440 2121 1913 2190 vehementius.
2003 2125 2278 2209 Semper
2309 2123 2494 2209 Ajax
2527 2125 2658 2192 for-

447 2226 576 2291 tis·
625 2227 1029 2316 fortissimus
1060 2235 1285 2293 tamen
1313 2228 1384 2291 in
1414 2227 1676 2292 furore:

522 2325 704 2397 Nam
733 2329 996 2399 facinus
1026 2329 1187 2397 fecit
1212 2329 1606 2410 maximum,
1631 2346 1808 2408 cum,
1834 2325 2096 2392 Danais
2127 2325 2656 2405 inclinantibus‚⁶

1368 2530 1734 2555 OOOOOOOOOO

446 2642 650 2695 Erasm.
674 2642 819 2694 Crat.
839 2642 1045 2695 Manut-
1068 2640 1249 2693 Lamb.
1302 2642 1583 2704 Minime-p.
1649 2640 1800 2701 Mox,
1821 2652 2060 2702 nunquam
2083 2638 2263 2687 iratam
2283 2652 2386 2688 esse
2409 2638 2459 2685 D
2486 2638 2536 2688 U
2559 2642 2656 2701 χψ

449 2712 497 2757 1.
521 2709 710 2757 Vener.
740 2711 885 2758 1481.
918 2706 1162 2757 Beroald.
1199 2707 1398 2756 Erasm-
1434 2708 1582 2755 Crat.
1619 2704 1818 2753 Victor.
1837 2704 2047 2753 Manut
2086 2702 2474 2761 suissecumTi.
2498 2704 2656 2751 Grac·

446 2772 938 2823 chavenettasso.
974 2775 1117 2821 1481.
1154 2770 1400 2819 Beroald.
1436 2768 2168 2831 Argeut.1611.Victor.——4
2203 2767 2392 2815 Vener
2419 2766 2658 2817 Beroald.

447 2836 672 2899 Argeut.
720 2836 917 2885 Erasm.
948 2836 1077 2886 dixit
1115 2834 1308 2884 initium
1315 2838 1425 2883 .-—5
1462 2833 1562 2882 Ed.
1605 2840 1711 2881 vet.
1743 2832 1911 2880 Bonh.
1953 2844 2127 2893 nonne,
2158 2832 2272 2891 ipso
2313 2830 2656 2893 probante.—

444 2902 481 2949 0
518 2901 649 2964 Reg.
693 2900 853 2951 Beru.
900 2904 949 2949 1.
994 2900 1083 2949 alii
1129 2899 1283 2951 codd.
1328 2897 1542 2948 Venett.
1590 2899 1733 2946 1480.
1769 2898 1918 2945 1481.
1961 2894 2207 2946 Beroald.
2248 2894 2466 2959 Argent.
2505 2898 2650 2945 1511.

1439 3068 1653 3121 NOTAE

506 3197 529 3231 τ
564 3188 675 3246 Ille,
692 3189 935 3254 pontifex]
969 3191 1180 3241 Nasica.
1652 3195 1678 3223 ⁸
1709 3188 1896 3251 Ecquid
1937 3186 2030 3251 ipsi
2066 3186 2175 3249 nos]
2211 3187 2379 3237 Notat
2410 3198 2654 3247 suppres-

507 3272 529 3297 ⁸
552 3265 803 3314 Consulem
822 3266 1151 3329 huguenini]
1182 3265 1246 3315 Ρ.
1268 3263 1505 3313 Mucium
1587 3277 1695 3313 sam
1719 3276 1754 3311 a
1775 3277 1832 3313 se
1848 3262 2060 3313 consule
2081 3260 2490 3325 conjurationem
2511 3260 2653 3310 Cati-

442 3340 749 3397 Sczevolam,
794 3341 900 3406 qni,
946 3342 1291 3405 perturbante
1340 3354 1506 3402 remp.
1588 3340 1725 3389 line.

438 3414 652 3465 Tiberio
690 3415 952 3477 Graccho,
992 3426 1311 3480 regnumque
1346 3412 1503 3465 affec·
1653 3413 1679 3448 ὓ
1707 3413 1896 3464 Achille
1937 3411 2218 3475 Homer-ico]
2253 3410 2356 3463 Qui
2402 3408 2556 3459 Iliad.
2593 3416 2650 3460 Α.

443 3496 611 3553 tante,
648 3497 935 3541 convocato
966 3496 1170 3547 senatu,
1207 3497 1262 3539 et
1306 3491 1506 3541 cunctis
1587 3492 1664 3542 ira
1682 3498 1928 3545 estuans,
1947 3488 2192 3537 adversus
2210 3486 2650 3550 Agamemnonem

442 3566 777 3616 censentibus
793 3573 853 3615 ut
870 3566 1049 3615 consul
1068 3564 1224 3615 armis
1240 3579 1404 3629 remp.
1424 3572 1507 3615 tu·
1587 3565 1796 3628 stringit
1821 3562 2066 3627 gladium.

441 3648 638 3699 eretur,
662 3642 773 3705 ipse
807 3642 1020 3705 negavit
1042 3652 1099 3690 se
1121 3654 1215 3705 per
1238 3642 1337 3689 vim
1362 3641 1504 3706 quic·
1651 3648 1674 3674 θ
1705 3637 2085 3701 Agamemnone]
2123 3634 2312 3684 Achilli
2353 3632 2555 3686 infenso
2583 3636 2653 3685 ob

440 3728 593 3783 qnam
616 3724 867 3767 acturum.
904 3717 1036 3766 Tum
1056 3714 1273 3777 Nasica,
1293 3716 1309 3743 ⁸
1326 3716 1503 3767 Quen·
1587 3714 1846 3765 redditam
1871 3712 2008 3777 patri
2033 3710 2338 3773 Chryseida.
2371 3708 2458 3759 De
2480 3710 2651 3761 Achil-

441 3792 547 3855 dc,’
590 3793 775 3857 inquit,
816 3793 832 3822 ‘
854 3792 1033 3843 consul
1082 3804 1248 3853 remp.
1290 3790 1503 3851 deserit,
1585 3794 1649 3842 lis
1694 3797 1749 3841 et
1795 3788 2195 3853 Agamemnonis
2239 3788 2418 3836 litibus
2462 3786 2654 3837 Horat.

438 3867 527 3931 qni
542 3878 656 3916 eam
670 3867 861 3917 salvam
878 3866 1057 3916 volunt
1074 3879 1155 3915 me
1174 3864 1503 3929 sequantur?
1585 3866 1758 3929 Epist.
1781 3876 1818 3913 ι.
1839 3868 1890 3913 2.
1915 3866 1991 3912 18.
2029 3862 2045 3891 ⁶
2065 3860 2222 3911 Hunc
2247 3874 2407 3921 amor,
2439 3861 2515 3909 ira
2540 3860 2652 3925 qui-

439 3948 496 3989 et
519 3940 571 3991 iu
596 3941 911 4004 Capitolium
933 3940 1315 4005 pergens,'l*ib.
1338 3940 1505 3990 Grac·
1585 3941 1703 3991 dem
1731 3941 2072 3990 communiter
2095 3940 2199 3987 urit
2221 3935 2537 3999 utrumque!

442 4015 742 4080 chum,cum
760 4016 936 4066 multis
950 4016 1063 4065 aliia
1078 4016 1347 4065 seditionis
1369 4016 1506 4079 prin·
1649 4013 1675 4048 ⁴¹
1708 4014 1902 4064 Danais
1937 4011 2299 4075 inclinantibus]
2338 4012 2468 4061 Cum
2506 4009 2649 4059 Hec-

440 4088 664 4153 cipibus,
705 4089 1069 4140 subselliorum
1111 4088 1413 4152 fragmentis
1449 4096 1504 4140 et
1585 4096 1689 4152 tor,
1703 4087 1897 4150 fugatis
1915 4087 2135 4142 Grecis,
2153 4086 2216 4136 ad
2233 4098 2409 4135 eorum
2429 4084 2646 4135 classem

440 4162 661 4217 fustibus
684 4164 882 4217 occidit
904 4164 969 4215 ad
994 4164 1264 4215 ducentos.
1587 4162 1921 4214 cremandam
1957 4163 2206 4225 impeturn
2247 4158 2467 4223 faceret,
2509 4161 2646 4210 solus
