3080 4788
492 339 623 404 848
1278 353 1354 398 Μ.
1404 351 1468 399 τ’.
1518 349 1922 400 cicsnoms

486 495 1025 580 contemplandis
1054 496 1255 560 rebus
1286 511 1582 578 unquam
1609 495 1758 574 fuit,
1803 500 1880 560 ut
1921 513 2058 559 nou
2087 492 2370 570 videret,
2417 493 2695 577 species

490 601 663 664 istas
692 599 1029 664 homiuum
1059 597 1343 662 collatas
1373 600 1441 661 in
1475 598 1685 673 Deos,
1717 602 1838 662 aut
1873 596 2163 661 oonsilio
2191 595 2486 680 quodam
2515 598 2702 681 sapi-

492 705 740 778 cutum,
790 718 926 784 quo
976 699 1242 764 facilins
1290 703 1552 764 animos
1597 699 2052 783 imperitorum
2097 697 2188 763 ad
2230 698 2532 764 Deorum
2561 700 2698 764 cul·

492 810 644 867 tum
686 821 732 866 a
774 801 932 866 vitae
978 800 1308 884 pravitate
1353 806 1858 883 couvertereut3
1903 806 2024 864 aut
2077 800 2592 884 superstitione,
2625 807 2704 865 ut

492 909 720 970 esseut
768 903 1155 979 simulacra,
1210 921 1365 985 quae
1420 908 1833 978 venerantes,
1896 902 2084 967 Deos
2135 904 2330 985 ipsos
2389 921 2464 968 se
2517 901 2700 969 adire

494 1005 875 1072 crederent?
964 1001 1317 1068 Auxerunt
1350 1010 1568 1068 autem
1609 1005 1762 1080 haec,
1801 1003 2038 1070 eadem
2082 1003 2334 1088 poetae,
2378 1004 2697 1088 pictores,

488 1106 794 1191 opifices.
881 1105 1047 1170 Erat
1088 1106 1264 1170 euim
1310 1123 1447 1170 non
1489 1106 1746 1185 facile‚⁸
1791 1115 2068 1190 agentes
2114 1106 2375 1192 aliquid
2407 1115 2480 1172 et
2507 1107 2697 1173 moli-

490 1215 685 1274 eutes
718 1207 904 1272 Deos
932 1207 1001 1271 iu
1034 1207 1309 1272 aliarum
1354 1207 1714 1272 formarum
1753 1208 2130 1274 imitatione
2177 1223 2473 1274 servare.
2561 1209 2698 1274 Ac·

492 1309 700 1374 cessit
748 1307 995 1372 etiam⁹
1047 1308 1182 1372 ista
1230 1307 1467 1390 opinio
1518 1309 1834 1386 fortasse,
1893 1309 2074 1394 quod
2127 1309 2384 1374 homini
2429 1310 2696 1375 homine

489 1409 657 1474 nihil
716 1407 1061 1493 pulchrius
1121 1407 1451 1475 videatur.
1547 1408 1683 1473 Sed
1743 1416 1822 1475 tu·
1881 1407 2104 1486 hoc,¹0·
2155 1409 2516 1495 physice,s
2567 1429 2698 1476 uon

488 1511 709 1591 vides,
753 1529 959 1596 quam
990 1509 1242 1576 blanda
1270 1508 1716 1590 conciliatrix,
1766 1517 1836 1577 et
1873 1511 2076 1596 quasi
2107 1513 2214 1577 sui
2247 1513 2342 1576 sit
2370 1512 2550 1591 lena,
2581 1531 2696 1578 ua-

490 1615 689 1679 tura'l
795 1613 905 1679 An
968 1625 1177 1697 putas
1230 1612 1439 1678 ullam
1500 1633 1656 1680 esse
1700 1619 1873 1680 terra
1924 1614 2303 1698 marique-¹¹
2378 1615 2694 1693 belluam,

492 1735 645 1800 quoe
678 1733 815 1781 non
861 1716 969 1781 sui
1014 1711 1309 1798 generis*
1351 1716 1584 1781 bellua
1629 1717 1926 1782 maxime
1973 1715 2348 1782 delectetur
2369 1716 2401 1778 ‘l
2491 1715 2694 1796 Quod

488 1818 561 1882 ni
607 1819 705 1884 ita
746 1825 951 1890 esset,
995 1837 1113 1884 cur
1154 1835 1281 1882 non
1326 1819 1599 1900 gestiret
1639 1824 1870 1884 taurus
1911 1837 2104 1902 equae
2151 1820 2694 1897 contrectatione,

491 1935 707 2006 equus
752 1921 1036 1986 vaccae‘l
1124 1918 1235 1984 An
1282 1924 1353 1986 tu
1396 1921 1717 2005 aquilam,
1772 1927 1894 1986 aut
1937 1920 2222 1994 leonem,
2271 1927 2392 1986 aut
2435 1921 2694 2009 delphi-

490 2041 673 2098 num,
722 2024 928 2089 ullam
980 2022 1307 2088 anteferre
1354 2041 1590 2087 censes
1633 2021 1914 2104 figuram
1967 2023 2167 2090 suae'l
2259 2021 2447 2102 Quid
2499 2024 2696 2108 igitur

488 2125 751 2202 mirum,
798 2126 861 2190 si
889 2125 1017 2190 hoc
1046 2124 1279 2189 eodem
1316 2125 1517 2190 modo
1549 2123 1801 2189 homini
1843 2129 2086 2190 natura
2130 2125 2573 2210 praescripsit,
2618 2134 2694 2190 ut

488 2225 655 2291 nihil
688 2227 1031 2311 pulchrius
1054 2247 1255 2312 quam
1280 2227 1608 2292 homiuem
1634 2231 1924 2310 putaret,
1957 2245 2107 2292 eam
2139 2245 2295 2292 esse
2317 2233 2368 2263 ¹⁸
2398 2245 2695 2304 causum,

488 2347 608 2393 cur
637 2329 831 2394 Deos
861 2330 1197 2394 homiuum
1228 2327 1483 2394 similes
1522 2329 1958 2413 putaremus?
2047 2327 2158 2397 78.
2207 2328 2396 2409 Quid
2437 2347 2694 2409 ceuseS,

489 2430 551 2495 si
584 2432 752 2495 ratio
784 2438 973 2495 esset
994 2432 1063 2495 in
1093 2430 1385 2496 belluis?
1426 2450 1565 2494 non
1595 2449 1718 2496 suo
1746 2449 2048 2516 quasque
2088 2432 2306 2515 generi
2335 2431 2694 2515 plurimum

492 2532 851 2598 tributuras
908 2533 1172 2598 fuisset
1266 2546 1564 2596 xxvm.
1624 2530 1746 2613 At,
1805 2518 2214 2612 mehercule,
2255 2554 2382 2617 ego
2435 2532 2694 2618 (dicam

490 2637 686 2709 enim,
719 2640 797 2699 ut
826 2632 1085 2720 sentio)
1112 2634 1425 2719 quamvis
1454 2652 1672 2699 amem
1703 2636 1854 2719 ipse
1881 2653 2012 2711 me,
2048 2642 2268 2701 tamen
2301 2654 2435 2700 nou
2469 2633 2692 2701 audeo

488 2736 735 2814 dicere,
767 2736 1207 2821 pulchriorem
1242 2755 1392 2801 esse
1420 2756 1550 2815 me,
1595 2756 1802 2821 quam
1831 2736 1948 2803 ille
1979 2736 2182 2802 fuerit
2211 2744 2230 2775 ¹
2279 2744 2540 2815 taurus,
2574 2736 2694 2820 qui

488 2842 682 2906 vexit
712 2836 1105 2924 Europam}
1194 2838 1359 2905 Nou
1390 2840 1568 2905 enim
1609 2840 1738 2906 hoc
1775 2839 1936 2905 loco
1967 2840 2054 2906 de
2099 2838 2407 2923 ingeniis,
2457 2846 2578 2904 aut
2607 2839 2692 2903 dc

542 2971 577 3015 s
603 2971 703 3029 Qut·
722 2986 885 3023 rerum
912 2972 1204 3023 naturalium
1218 2973 1405 3037 peritum
1424 2973 1578 3024 videri
1597 2973 1691 3023 cis.

490 3180 537 3223 1.
558 3178 609 3223 2.
675 3173 826 3231 Tum,
856 3174 987 3224 Deos
1024 3188 1201 3239 quoque
1233 3176 1364 3239 ipsos
1402 3174 1560 3240 Glog.
1597 3176 1729 3227 Deos
1765 3188 1968 3240 quosque
2005 3174 2136 3240 ipsos
2167 3175 2306 3237 conj.
2343 3172 2692 3225 Heindorf.-

491 3242 523 3286 8
560 3240 682 3289 Erat
705 3241 830 3287 enim
843 3238 997 3297 facile
1020 3240 1137 3288 Pal.
1160 3242 1209 3288 2.
1234 3240 1305 3291 N.
1372 3240 1500 3289 Erat
1522 3240 1650 3290 enim
1669 3246 1785 3290 nota
1807 3240 1962 3301 facile
1981 3240 2028 3289 1.
2093 3240 2220 3290 Erat
2243 3244 2402 3289 autem
2421 3240 2571 3299 nous.
2623 3240 2694 3296 U,

486 3303 639 3354 Junt.
675 3302 895 3354 Arcens.
938 3304 1145 3354 Manut-
1184 3304 1364 3353 Lamb.
1387 3306 1579 3366 agentis
1613 3304 1891 3369 aliquodque
1925 3306 2162 3354 molientis
2199 3303 2368 3354 Paris.
2392 3307 2438 3352 8.
2472 3305 2694 3353 imia-

486 3368 618 3418 tioue
651 3381 844 3418 servare
878 3366 1111 3419 Paris-S.
1142 3368 1406 3418 mutatione
1426 3384 1620 3419 ser-vare
1643 3370 1802 3419 Evae
1835 3370 2104 3419 decesserit
2132 3368 2278 3419 etiam
2301 3370 2470 3418 Pario.
2507 3372 2557 3419 8.
2621 3369 2698 3417 Et

487 3434 683 3483 necarit
706 3435 852 3482 etiam
872 3433 1076 3481 Thurin.
1140 3432 1352 3492 Statim,
1370 3434 1618 3495 pulchrius
1649 3432 1774 3483 nihil
1806 3434 2001 3482 Ellens.
2024 3432 2158 3496 Reg.
2182 3432 2318 3483 Red.
2341 3432 2386 3481 A
2411 3432 2456 3481 B
2481 3433 2524 3483 C
2553 3432 2599 3481 fl
2625 3432 2691 3493 Τ,

486 3496 629 3547 Gud.
643 3502 692 3546 2.
720 3498 887 3547 Paris.
908 3502 955 3545 1.
978 3496 1125 3547 Med.
1143 3498 1473 3548 Victum—10
1496 3498 1592 3548 Sed
1613 3502 1670 3547 ta
1689 3499 1791 3547 hoec
1809 3500 2090 3561 G,Thunu.
2113 3498 2312 3547 masilia
2334 3497 2482 3547 tueris
2505 3498 2549 3545 E
2567 3500 2620 3559 ψ.
2642 3502 2694 3545 et

486 3574 627 3622 quam
648 3562 725 3609 sui
744 3562 809 3610 sit
832 3564 939 3615 lena
962 3561 1119 3625 Glog.
1143 3561 1282 3611 Pan.
1316 3562 1361 3611 Α
1384 3562 1429 3611 Β
1457 3563 1519 3623 C,
1544 3562 1712 3615 Paris.
1737 3567 1782 3611 1.
1806 3561 1857 3612 0
1878 3566 1934 3625 ψ,
1959 3563 2215 3611 Wonwer.
2249 3562 2354 3626 ipsa
2373 3566 2548 3611 natum
2570 3561 2692 3609 Vie-

488 3632 592 3672 tor.
626 3630 673 3673 et
710 3640 850 3688 quam
869 3625 1059 3675 solicita
1080 3626 1174 3681 sui,
1196 3630 1278 3689 qe.
1313 3640 1493 3689 margo
1519 3628 1710 3677 Venet.
1743 3629 2018 3677 1⁵0⁷.—11
2057 3624 2338 3675 Heindorf.
2371 3625 2438 3675 de
2460 3624 2690 3674 Wnlkeri

486 3688 792 3751 conjectura
824 3688 1151 3738 marita—12
1187 3690 1463 3741 Heindorf.
1501 3694 1642 3755 conj.
1685 3706 1829 3756 euque
1863 3696 1952 3742 eat.
2033 3690 2239 3748 Statim,
2285 3695 2500 3754 putenm
2536 3689 2688 3740 codd.

489 3752 707 3819 aliquot,
730 3755 935 3805 Victor.
963 3754 1092 3804 Lall.
1116 3756 1254 3805 Dav.
1280 3756 1555 3807 Heindorf.

1476 3892 1698 3944 NOTAE

550 3992 565 4025 ¹
601 3990 725 4048 Qua
744 4003 839 4038 non
858 3988 936 4037 sui
966 3988 1185 4052 generis]
1220 3988 1362 4039 Hinc
1390 3990 1543 4053 illud,
1627 4002 1826 4055 uusque
1847 3988 2056 4040 notari)

484 4069 501 4098 ‘
525 4066 815 4117 Graeculus
840 4063 1034 4114 assidet
1072 4066 1331 4129 graeculo,
1365 4067 1546 4116 cicada
1693 4064 1717 4099 Β
1754 4066 1856 4123 ραι·
1875 4067 2008 4115 vexit
2031 4064 2304 4129 Europam]
2337 4063 2587 4115 Fabulam
2613 4064 2688 4115 le-

486 4142 718 4192 cicada&
776 4140 964 4190 Horat.
990 4140 1099 4190 Sat.
1124 4156 1159 4190 1.
1184 4146 1231 4192 3.
1253 4147 1333 4192 21.
1364 4142 1380 4170 ⁴
1401 4144 1544 4193 Stnl-
1628 4158 1693 4211 ge
1717 4143 1856 4211 apud
1879 4142 2040 4195 Ovid.
2061 4142 2284 4193 Melam.
2309 4153 2372 4191 ιι.
2395 4143 2510 4191 833.

486 4226 569 4269 tus
606 4225 659 4266 et
700 4216 961 4281 improbus
994 4216 1076 4267 hic
1111 4234 1253 4269 amor
1290 4228 1391 4276 est,
1430 4222 1544 4283 dig·
