3080 4788
911 399 1008 447 nn
1057 398 1376 448 NATURA
1430 400 1749 448 nnoaum
1804 402 1889 449 11.
1934 384 2043 450 16.
2434 386 2567 456 913

367 561 457 607 ex
506 560 642 625 quo
687 540 994 617 efficitur,
1038 542 1106 607 in
1151 541 1771 609 Deorum'numero
1816 550 2007 609 astra
2048 562 2196 608 esso
2239 544 2563 611 ducenda.

369 659 532 707 xvl.
577 642 836 707 Etenim
865 642 1025 712 licet
1052 644 1274 709 videre
1305 643 1607 709 acutiora
1648 644 1933 726 ingenia,
1966 649 2037 708 et
2076 641 2162 709 ad
2193 644 2564 728 intelligen-

364 746 522 809 dum
555 744 838 829 aptiora,
885 763 1116 809 eorum
1163 744 1278 827 qui
1323 752 1530 811 terras
1562 744 1861 811 incolant
1903 765 2021 810 eas
2051 744 2120 808 in
2168 746 2415 828 quibus
2446 738 2577 813 aiir⁶

365 847 456 911 sit
486 864 693 930 purus
726 864 808 910 ac
831 846 1074 922 tenuis,
1104 863 1306 928 quam
1351 846 1616 911 illorum
1658 847 1778 930 qui
1824 853 2097 912 utantur
2126 866 2355 913 crasso
2383 848 2563 912 coelo

363 954 566 1029 atque
586 953 917 1011 concreto.
1006 946 1113 1011 43.
1160 944 1568 1025 Quinetiam,
1604 948 1762 1012 cibo
1788 966 1925 1031 quo
1946 954 1965 985 ¹
1998 953 2216 1025 utare,
2239 948 2567 1013 interesse

364 1046 622 1128 aliquid
652 1046 740 1111 ad
767 1047 1006 1111 mentis
1036 1048 1253 1111 aciem
1283 1054 1555 1131 putant.
1644 1047 2001 1112 Probabile
2024 1054 2129 1113 est
2150 1036 2373 1131 igitur,
2397 1068 2567 1131 prae·

365 1152 656 1213 stantem
685 1146 1180 1229 intelligentiam
1213 1151 1282 1213 in
1311 1149 1647 1215 sideribus
1677 1169 1849 1227 esse,
1895 1169 2049 1234 quae
2100 1158 2173 1215 et
2210 1150 2568 1215 aetheream

363 1246 595 1313 mundi
620 1254 878 1330 partem
911 1249 1256 1329 incolant,²
1287 1254 1354 1314 et
1397 1251 1673 1315 marinis
1716 1252 2125 1335 terrenisque
2154 1250 2568 1330 humoribus,

362 1350 560 1433 longo
583 1350 928 1415 intervallo
959 1350 1373 1430 extenuatis,
1413 1352 1698 1418 alantur.
1787 1351 2073 1419 Sensum
2103 1359 2321 1417 autem
2356 1360 2567 1419 astro·

362 1469 504 1516 rum
550 1457 755 1536 atque
816 1451 1325 1535 intelligentiam
1389 1452 1683 1517 maxime
1744 1451 2041 1518 declarat
2079 1453 2244 1518 ordo
2312 1472 2565 1531 eorum,

363 1558 564 1636 atque
593 1554 1017 1619 constantia:
1064 1553 1230 1619 nihil
1277 1561 1387 1618 est
1427 1554 1631 1631 enim,
1679 1553 1862 1637 quod
1908 1554 2169 1619 ratione
2197 1561 2266 1617 et
2294 1572 2563 1619 numero

361 1652 614 1719 moveri
665 1654 888 1737 possit
931 1654 1077 1718 sine
1120 1654 1428 1732 consilio,
1458 1654 1530 1717 in
1577 1672 1713 1736 quo
1759 1653 1921 1719 nihil
1970 1660 2073 1719 est
2120 1656 2565 1733 temerarium,

363 1752 530 1820 nihil
577 1754 857 1829 varium,
905 1754 1075 1818 nihil
1119 1753 1490 1819 fortuitum.
1579 1751 1766 1818 Ordo
1796 1760 2019 1818 autem
2048 1754 2366 1835 siderum,
2398 1756 2563 1819 etin

361 1856 546 1919 omni
579 1855 949 1920 aeternitate
982 1854 1382 1929 constantia,
1426 1872 1651 1936 neque
1682 1861 1989 1919 naturam
2012 1862 2033 1902 ³
2066 1854 2403 1937 significat
2428 1854 2568 1941 (est

363 1956 540 2021 enim
565 1957 770 2040 plena
795 1942 1122 2035 rationis).
1154 1973 1371 2037 neque
1402 1953 1758 2034 fortunam,
1788 1973 1965 2037 quoe,
1987 1954 2211 2020 amica
2232 1956 2565 2035 varietati,

362 2058 810 2123 constantiam
861 2058 1148 2140 respuit.
1233 2056 1549 2140 Sequitur
1594 2074 1775 2139 ergo,
1805 2062 1881 2121 ut
1924 2057 2080 2139 ipsa
2125 2074 2255 2121 sua
2300 2064 2565 2139 sponte,

363 2178 490 2225 suo
517 2178 716 2223 sensu
749 2178 831 2223 ac
861 2159 1237 2235 divinitate,
1273 2162 1691 2223 moveantur.
1780 2158 1885 2225 44.
1930 2156 2086 2223 Nec
2115 2175 2270 2222 vero
2300 2157 2566 2222 Aristo·

361 2260 532 2325 teles
556 2279 689 2323 non
717 2259 1098 2325 landandus
1128 2260 1198 2324 in
1219 2266 1354 2337 e‘o,·
1384 2258 1561 2347 quod
1596 2259 1843 2339 omnia,
1869 2276 2027 2342 quae
2056 2264 2427 2336 moventur,
2447 2264 2566 2325 aut

364 2368 604 2427 natura
624 2362 878 2427 moveri
910 2361 1197 2440 censuit,
1230 2366 1344 2427 aut
1377 2361 1470 2434 vi,
1499 2367 1616 2426 aut
1642 2360 2027 2441 voluntate3
2058 2359 2315 2426 moveri
2341 2366 2564 2426 autern

361 2462 596 2540 solem,
626 2468 692 2528 et
720 2463 975 2541 lunam,
1018 2469 1086 2528 et
1128 2461 1354 2528 sidera
1383 2461 1651 2527 omnia:
1692 2479 1849 2546 quae
1880 2466 2103 2526 autem
2145 2466 2393 2526 natura
2420 2479 2566 2526 mo·-

365 2571 695 2644 verentnr,
737 2565 884 2630 haec
929 2569 1047 2630 aut
1089 2563 1381 2648 pondere
1427 2563 1766 2640 deorsum,
1810 2569 1932 2627 aut
1982 2561 2259 2628 levitate
2292 2561 2362 2626 in
2402 2563 2567 2626 sub·

360 2664 576 2741 lime,⁴
601 2664 812 2744 ferri}
849 2683 1128 2748 quorum
1165 2655 1473 2728 neutrum
1518 2665 1722 2727 astris
1771 2663 2178 2746 contingere.
2208 2670 2567 2746 propterea

363 2765 548 2848 quod
591 2783 824 2829 eornm
867 2771 1096 2828 motus
1137 2765 1204 2826 in
1255 2764 1484 2828 orbem
1558 2763 2107 2828 circumferretur.
2195 2762 2348 2828 Nec
2404 2781 2565 2828 vero

363 2867 505 2930 dici
549 2871 801 2950 potest,
864 2865 932 2929 vi
994 2862 1288 2949 quadam
1351 2862 1606 2946 majore
1649 2863 1818 2943 fieri,
1862 2870 1937 2928 ut
1980 2869 2217 2930 contra
2258 2871 2567 2929 naturam

365 2975 550 3032 astra
579 2972 1010 3031 moveantur:
1058 2983 1213 3048 quae
1259 2963 1431 3028 enim
1454 2970 1480 3011 ⁵
1511 2971 1741 3046 potest
1769 2965 1986 3047 major
2012 2984 2167 3030 esse
2191 2966 2222 3027 ‘l
2314 2963 2567 3029 Restat

363 3069 593 3152 igitur,
623 3073 701 3132 ut
725 3072 954 3133 motus
986 3073 1318 3132 astrorum
1351 3065 1442 3130 sit
1468 3065 1887 3131 voluntarius
1914 3087 1931 3131 ε
1977 3085 2134 3150 quae
2161 3066 2280 3150 qui
2311 3065 2563 3142 videat,

1414 3211 1656 3232 ‘coemo

428 3303 564 3353 CAP.
596 3315 710 3353 xvr.
776 3306 801 3351 l
847 3302 1023 3351 umb.
1063 3315 1154 3363 quo
1195 3300 1414 3350 ciba—2
1447 3301 1603 3362 Glog.
1646 3299 1781 3350 Rea.
1821 3299 2097 3351 Heindorf.
2136 3305 2319 3364 partem
2358 3302 2568 3351 incolant

363 3368 562 3425 mundif
611 3366 660 3417 A
683 3367 728 3416 B
752 3367 796 3416 C
821 3367 890 3420 K.
925 3364 1066 3415 Gud.
1087 3368 1138 3414 2.
1172 3364 1380 3414 Victor.
1409 3369 1599 3428 purtem
1628 3364 1795 3414 mnndi
1823 3366 2067 3423 incolant,-
2125 3365 2150 3414 l
2185 3371 2369 3428 partem
2401 3367 2568 3414 mundi

362 3433 655 3481 inmun—8
688 3430 984 3482 Markland.
1015 3429 1153 3490 conj.
1183 3431 1515 3479 temeritatem.
1579 3428 1789 3486 Statim,
1810 3442 1984 3492 expers
2000 3429 2204 3478 rationis
2228 3429 2365 3492 conj.
2389 3428 2567 3478 Lamb.

363 3496 519 3545 aliena
539 3496 744 3545 rationis
765 3495 954 3558 caspie.
975 3491 1446 3544 modernum—4
1481 3492 1677 3544 Moser.
1696 3507 1763 3541 ex
1786 3507 1889 3543 nno
1910 3492 2091 3543 codiee
2123 3499 2207 3542 aut
2240 3495 2436 3542 levitate
2462 3493 2571 3541 aab·

363 3559 494 3622 lime,
514 3561 594 3610 uti
626 3558 840 3610 volebat
876 3556 1150 3608 Heindorf.
1168 3566 1224 3607 et
1258 3557 1334 3606 aie
1367 3557 1538 3608 oren.
1604 3557 1755 3620 Mox,
1774 3558 2048 3620 contingere
2066 3564 2151 3607 est
2172 3558 2239 3606 do
2262 3558 2569 3621 conjectura

365 3623 629 3684 Erneotiig
683 3625 978 3684 contingeret
999 3621 1195 3672 habent
1218 3620 1374 3671 codd.
1395 3629 1450 3672 et
1474 3621 1689 3684 reliqum
1712 3623 1833 3672 edd.
1898 3623 2055 3684 Tum,
2072 3623 2339 3684 circumque
2350 3622 2570 3682 serretur

366 3687 417 3737 G
441 3687 494 3736 Η
519 3689 577 3738 Μ
602 3688 675 3749 N,
695 3689 842 3739 Junt.
863 3687 1062 3736 Victor.
1087 3685 1222 3736 Dav.
1247 3685 1415 3734 Orell.
1466 3687 1643 3736 circum
1674 3701 1732 3736 ne
1750 3687 1917 3746 ser-tur
1942 3687 2112 3736 Paris.
2134 3692 2182 3736 1.
2202 3685 2347 3736 Gud.
2370 3689 2418 3734 2.
2472 3686 2567 3734 cir-

361 3765 654 3872 οαοὲφὸιιφιο
671 3751 892 3828 serretur
913 3749 1084 3865 3:⁰⁸ss
1101 3748 1436 3864 Redi‘gagz
1449 3753 1500 3799 8.
1523 3751 1617 3828 1:⁸-
1652 3749 1923 3867 Rellndgf’·
1937 3748 2567 3867 sghssz'snlnoler'nffgbeb

363 3839 426 3852 -
547 3829 882 3878 mmmm
993 3829 1210 3879 m.po
1464 3829 1615 3876 mqyor
1699 3830 1783 3867 e.
1877 3829 2339 3866 emor-cuz.
2467 3829 2568 3864 ar.

1359 3982 1411 4032 N
1413 3983 1581 4034 0¹1*AE

431 4094 454 4120 ο
490 4085 601 4134 Non
619 4085 882 4134 laudanda,
898 4084 952 4134 i„
968 4084 1047 4149 ρο]
1074 4083 1155 4133 An
1179 4081 1426 4133 mundum
1510 4083 1611 4132 net,
1637 4075 1677 4124 si
1703 4075 1891 4126 librum
1914 4077 1979 4128 de
2004 4076 2136 4128 coelo
2161 4071 2461 4125 Aristoteli·
2486 4086 2569 4121 es·

364 4162 644 4213 animatum
683 4174 796 4210 esne
839 4153 1060 4210 senserit
1093 4157 1428 4220 Aristoteles,
1509 4166 1567 4205 se
1590 4159 1873 4204 constaret.

363 4237 597 4289 nonnulli
618 4235 876 4288 dubitant.
925 4235 1098 4288 Dubia
1117 4245 1202 4286 rea
1225 4247 1328 4286 non
1345 4245 1426 4283 es·

497 4315 671 4378 Delph.
688 4319 736 4364 et
761 4313 880 4363 Var.
903 4313 1038 4362 Clas.
1385 4313 1574 4362 Cicero.
2089 4310 2121 4354 8
2146 4305 2205 4354 M
2223 4304 2281 4355 M
2300 4304 2355 4354 M
2377 4305 2437 4354 M
