3080 4788
661 363 980 414 Tuscus.
1031 361 1547 423 Quaternonuu
1600 361 1751 412 mn.
1799 361 1849 410 1.
1893 359 2057 410 cai».
2103 343 2210 410 28.
2415 347 2543 412 511

338 508 831 592 relinquamus:
875 507 1014 570 vim
1059 511 1260 584 certe,
1303 505 1771 588 sagacitatem,
1816 504 2227 578 memoriam.
2262 512 2545 584 motum,

339 608 800 675 celeritatem*
827 606 1034 672 videt.
1129 605 1312 671 Haec
1342 625 1602 689 magna,
1634 606 1785 670 haec
1826 603 2080 678 divina,
2108 603 2253 670 haec
2296 606 2547 689 sempi-

335 715 528 774 terna
557 713 732 774 sunt.
806 704 968 785 Qua
997 707 1174 772 facie
1203 705 1476 789 quidem
1505 707 1618 784 sit,
1642 713 1767 771 ant
1790 706 1911 771 ubi
1938 704 2220 782 habitet,
2248 723 2337 770 ne
2358 723 2545 789 quoe·

335 808 614 874 rendum
660 806 934 890 quidem
977 811 1100 871 est.
1191 805 1308 885 Ut,
1339 825 1490 870 cum
1540 805 1849 870 videmus
1890 803 2189 888 speciem
2234 805 2545 888 primum,

337 909 833 992 candoremque
877 907 1078 986 coeli3
1131 905 1241 972 68.
1279 905 1562 972 deinde⁵
1604 904 2064 972 conversionis
2102 903 2545 971 celeritatem⁶

338 1017 620 1086 tantam,
649 1015 970 1092 quantam
1017 1009 1309 1092 cogitare
1352 1026 1483 1073 non
1522 1025 1923 1092 possumus3
1967 1013 2111 1071 tum
2137 1005 2545 1071 vicissitudi-

337 1129 458 1174 nes
507 1108 764 1173 dierum
817 1113 1020 1192 atque
1072 1110 1388 1183 noctium,
1431 1109 2124 1191 commutationesque
2174 1111 2559 1198 temporum·

339 1209 881 1294 quadripartitae,
931 1209 1022 1273 ad
1075 1209 1522 1274 maturitatem
1566 1209 1827 1290 frugum
1877 1213 1943 1272 et
1990 1206 2073 1271 ad
2118 1207 2543 1291 temperatio·

337 1329 496 1374 nem
543 1328 895 1392 corporum
939 1315 1160 1392 aptas,
1206 1329 1570 1393 eorumque
1609 1310 1905 1374 omnium
1950 1307 2434 1376 moderatorem
2478 1315 2547 1372 et

337 1409 578 1474 ducem
611 1409 822 1474 solem
843 1429 864 1490 ;
894 1409 1277 1492 lunamque,
1299 1410 1673 1474 accretione
1698 1415 1767 1475 et
1793 1409 2234 1474 diminutione
2257 1409 2546 1487 luminiS,

337 1512 533 1593 quasi
576 1509 896 1575 fastorum
918 1517 944 1546 ⁶
986 1510 1164 1574 notis
1197 1510 1568 1591 signantem
1598 1509 1783 1588 dies3
1833 1514 1973 1574 tum
2008 1508 2073 1571 in
2105 1508 2334 1572 eodem
2380 1509 2543 1574 orbe

336 1614 410 1677 in
463 1626 584 1675 xu
648 1606 928 1695 partes‘¹
973 1611 1352 1688 distributo,
1399 1609 1693 1692 quinque
1750 1609 1981 1674 stellas
2025 1608 2227 1685 ferri:
2273 1608 2545 1674 eosdem

339 1729 581 1776 cursus
630 1711 1174 1776 constantissime
1220 1717 1595 1783 servantes,
1640 1709 2029 1793 disparibus
2073 1709 2247 1772 inter
2288 1727 2363 1772 se
2406 1727 2545 1773 mo-

338 1813 550 1894 tibus,
600 1818 1127 1895 nocturnamque
1180 1810 1338 1876 coeli
1393 1811 1673 1874 sormam
1722 1809 2013 1894 undique
2060 1808 2401 1874 sideribus
2442 1827 2545 1874 or-

1274 1962 1545 1985 OOmmO
1550 1963 1640 1984 ΟΝ

339 2059 388 2104 1.
411 2053 582 2105 Gebb.
603 2059 656 2104 ui
677 2069 727 2104 se
746 2054 900 2116 iprum
919 2053 1040 2115 ipse.
1104 2054 1254 2108 Tum.
1291 2067 1392 2104 rere
1427 2067 1519 2102 noa
1552 2053 1719 2102 eidem
1741 2050 1862 2103 edd.
1884 2056 2015 2101 vett.
2038 2052 2243 2102 Manut-
2267 2051 2545 2103 [iambe—⁴

336 2119 516 2170 Bentl.
527 2119 670 2181 conj.
691 2124 847 2168 mla·
866 2119 1271 2167 celeritatem—5
1309 2115 1478 2167 codd.
1495 2117 1714 2180 aliquot,
1731 2124 1788 2166 et
1809 2117 1945 2166 Dav.
1963 2115 2091 2166 dein.
2142 2115 2549 2176 Statim,dierunt

336 2198 396 2231 oc
428 2183 634 2232 noctium
668 2182 800 2244 Res.
836 2181 974 2231 Dav.
995 2180 1162 2229 Orell-
1200 2183 1264 2230 ud
1284 2181 1651 2230 maturationem
1666 2181 1877 2242 fragm
1902 2181 2021 2230 eod.
2046 2180 2261 2230 Nervic.
2289 2179 2547 2243 probante

339 2247 528 2295 Pearc.
550 2245 875 2308 improbante
901 2259 1024 2294 vero
1050 2245 1275 2295 Ernesti.
1325 2245 1480 2304 Tum,
1499 2251 1739 2295 muntem
1759 2249 1808 2293 et
1828 2243 1959 2306 aigm·
2021 2248 2177 2293 cratem
2199 2245 2329 2306 Ress.
2351 2249 2405 2292 et
2428 2240 2550 2292 edd.

336 2319 465 2360 ante
491 2311 621 2360 Dav.
650 2315 894 2360 notantem
929 2314 978 2359 et
1017 2308 1288 2371 sigaeum
1325 2322 1356 2359 e
1391 2309 1549 2361 codd.
1584 2308 1722 2359 Dav.
1758 2315 1816 2360 et
1856 2309 1947 2358 Lai
1973 2343 1988 2359 .
2020 2308 2149 2358 uotis
2178 2307 2372 2358 habent
2392 2307 2546 2358 codd.

1334 2478 1551 2531 NOTAE

409 2594 433 2629 Ι·
467 2592 804 2645 Convenimus
838 2592 1152 2656 celeritatem]
1185 2592 1404 2648 Coelnm.

342 2670 482 2735 quod
513 2668 822 2720 astronomis
850 2668 1070 2731 primum
1105 2664 1301 2715 mobile
1323 2665 1403 2715 di·

341 2746 502 2807 citur,
522 2756 828 2809 unaquaque
861 2743 988 2793 bora
1025 2740 1286 2807 percurrit
1322 2756 1404 2791 se·

341 2820 693 2871 midiametrot
720 2826 893 2876 term,

698 2906 990 2956 Ptolemoeo

388 2977 606 3020 auctore
633 2918 674 3079 ξ
697 2971 940 3032 Tychone
1191 2970 1340 3017 866⁸.

700 3034 936 3083 Ricciolo
1125 3034 1338 3081 549500.

343 3118 511 3170 Porro
546 3118 802 3171 diameter
837 3124 1017 3177 terrm,
1048 3123 1188 3167 teste
1225 3117 1405 3167 Ptole·

344 3208 493 3257 moeo,
514 3194 688 3244 stadia
709 3194 943 3243 continet
961 3194 1144 3241 57272.

405 3276 430 3301 ‘²
461 3265 742 3329 Fastorum]
779 3267 942 3328 Fasti,
971 3273 1182 3315 anctore
1203 3264 1406 3329 Servio,

345 3348 497 3393 erant
550 3341 670 3391 libri
725 3341 928 3390 dierum
965 3340 1406 3403 computationem

343 3418 619 3478 babentes,
666 3416 777 3481 ubi,
833 3422 970 3465 teste
1023 3414 1406 3478 Porphyrione,

344 3507 442 3555 per
461 3493 702 3543 consules
733 3505 983 3542 annorum
1007 3504 1270 3540 numerum
1295 3492 1404 3540 col-

341 3566 595 3631 ligebant.
646 3566 942 3617 Secundum
967 3566 1224 3616 Acrouem
1247 3579 1406 3615 anua-

342 3644 418 3691 ies
455 3645 628 3701 erant,
661 3641 714 3689 iu
749 3640 935 3704 quibus
963 3640 1212 3689 memoria
1235 3652 1407 3689 rernm

1161 2908 1339 2955 usu.

341 3714 722 3777 contineretur,
767 3716 962 3779 quique
996 3714 1062 3763 ad
1099 3720 1412 3764 commento·

342 3790 598 3838 rationem
641 3787 892 3838 bonorum
934 3788 1132 3837 inventi
1167 3787 1406 3839 diceren-

340 3872 428 3913 tur
474 3863 682 3914 virtutis
723 3864 944 3913 indices.
1009 3864 1280 3913 Fastorum
1316 3862 1406 3914 Ja-

338 3952 464 3987 nnm
503 3944 778 4002 parentem
815 3951 930 3987 esse
961 3938 1227 3999 dixerunt,
1267 3936 1406 4003 quod

337 4014 557 4077 singuiis
602 4014 751 4061 annis
795 4013 1168 4062 scriberentur.
1234 4013 1297 4062 In
1343 4025 1406 4061 eo

221 4118 230 4121 -
337 4088 661 4139 differebant
705 4089 772 4137 ab
824 4089 952 4137 actis
997 4088 1192 4136 diurnis
1249 4086 1406 4141 urbis,

1485 2599 1588 2651 tur,
1632 2590 1785 2642 fastis
1836 2590 2035 2642 nonnisi
2070 2590 2312 2655 iusignia.
2382 2588 2549 2640 Plura

1483 2667 1747 2717 Antonius
1792 2665 2132 2718 Constantius
2186 2667 2237 2715 iu
2283 2664 2547 2715 Prooemio

1485 2742 1985 2793 Commentariorum
2024 2754 2229 2792 suorum
2273 2740 2326 2789 in
2362 2740 2549 2789 Festos

1485 2818 1687 2871 Ovidii.

1546 2894 1571 2929 θ
1610 2897 1671 2945 In
1694 2894 1817 2945 XII
1832 2895 2017 2959 parter]
2050 2895 2183 2946 Qum
2220 2893 2401 2943 domus
2430 2894 2551 2943 solis

1485 2976 1543 3019 et
1582 2970 1731 3033 sigua
1769 2970 2033 3019 dicuntur.
2098 2968 2259 3018 Orbis
2294 2966 2382 3016 iiie
2420 2967 2553 3016 obli·

1485 3058 1617 3107 quus
1637 3053 1719 3094 est
1740 3058 1923 3093 secans
1942 3049 2275 3108 aquatorem.
2342 3040 2551 3093 Dividi·

1487 3118 1647 3167 turin
1672 3124 1850 3181 partes
1870 3118 1982 3167 sive
2006 3118 2195 3181 gradus
2218 3120 2333 3168 8⁶0.
2359 3123 2420 3167 nt
2440 3130 2552 3167 om·

1485 3206 1581 3241 nes
1610 3193 1698 3242 alii
1736 3192 1935 3248 circuli,
1957 3192 2158 3254 singula
2178 3194 2327 3256 signa
2360 3192 2411 3240 iu
2434 3204 2551 3255 gra·

1489 3268 1585 3317 dus
1617 3272 1699 3317 30.
1735 3282 1765 3317 e
1802 3266 1986 3330 quibus
2018 3280 2175 3316 unum
2199 3266 2413 3316 circiter
2431 3280 2549 3329 gra·

1488 3342 1611 3392 dum
1653 3342 1869 3404 siugulis
1916 3341 2101 3391 diebus
2144 3348 2287 3389 motu
2335 3340 2549 3404 proprio

1487 3418 1565 3467 sol
1602 3416 1814 3467 coniicit
1850 3414 1916 3465 ab
1950 3414 2246 3467 Occidente
2282 3414 2335 3463 in
2360 3414 2551 3463 Orien-

1489 3500 1595 3541 tem
1620 3490 1972 3554 procedendo,
2006 3494 2161 3551 atque
2182 3490 2255 3537 ita
2278 3502 2381 3537 uno
2402 3489 2551 3539 circi·

1489 3574 1572 3618 ter
1593 3581 1727 3616 auno
1764 3570 1844 3615 12.
1878 3567 2029 3629 tigna
2060 3564 2315 3627 decurrit,
2349 3565 2552 3615 interea

1488 3643 1613 3692 dnm
1632 3642 1890 3693 communi
1914 3646 2075 3702 motu,
2096 3640 2185 3704 qui
2208 3647 2223 3671 ‘
2242 3647 2419 3703 raptus
2435 3639 2451 3662 ⁹
2471 3639 2551 3689 di-

1487 3719 1646 3778 citur,
1664 3716 1729 3765 ab
1752 3714 1974 3765 Oriente
1992 3714 2045 3763 in
2070 3713 2413 3765 Occidentem
2430 3726 2553 3777 pro-

1486 3791 1721 3841 cedendo
1754 3793 1839 3841 2⁴.
1884 3791 2123 3839 horarum
2158 3789 2327 3852 spatio
2370 3787 2549 3839 orbem

1488 3870 1743 3913 terrarum
1763 3864 1969 3914 circuit.

1550 3948 1575 3973 ⁸
1610 3939 1832 4003 Quinque
1867 3938 2031 3988 stellas
2056 3935 2215 3999 ferri]
2250 3934 2553 3996 Saturnum,

1485 4012 1690 4077 mem,
1716 4016 1969 4075 Martem,
2006 4010 2347 4071 Mercurium,
2380 4008 2551 4058 Vene-

1490 4102 1619 4139 rem.

335 4167 482 4231 quod
522 4168 602 4217 bis
635 4167 848 4217 humilia
877 4180 1098 4229 quaeqne
1120 4164 1408 4215 scribereu·
1505 4188 1510 4191 ·
