3080 4788
728 381 1057 433 ruscum.
1103 379 1620 444 Quasrrosuu
1671 380 1820 430 mn.
1872 381 1976 432 iv.
2029 381 2194 431 car.
2244 366 2350 431 17.
2523 365 2652 432 691
2765 401 2770 406 ·

449 533 553 594 est
584 552 601 593 ε
674 525 989 592 omuibus
1046 526 1245 604 euim,
1309 543 1598 608 quorum
1656 543 1844 588 meus
1899 524 2216 590 abhorret
2273 544 2316 590 a
2370 525 2654 602 ratione,

450 647 721 712 semper
764 626 1015 710 aliquis
1062 626 1221 690 talis
1259 632 1505 692 terror³
1549 625 1913 708 impendet.
2000 624 2113 690 36.
2159 625 2388 710 Atque
2432 632 2506 692 ut
2547 627 2655 694 hee

448 729 747 796 tabificae
784 729 1027 794 mentis
1074 728 1622 811 perturbationes
1667 735 1844 806 sunt,
1870 727 2360 811 (oegritudinem
2399 729 2554 794 dico
2585 737 2659 794 et

448 833 727 910 metum)
772 830 873 894 sic
912 829 1259 893 hilariores
1285 827 1448 905 illae,
1473 827 1838 912 cupiditas,
1867 827 2068 894 avide
2097 848 2366 914 semper
2401 829 2657 914 aliquid

450 943 799 1018 expetens,
844 940 915 1000 et
960 934 1175 998 inanis
1219 933 1554 1012 alacritas,
1596 931 1672 996 id
1714 940 1842 1013 est,
1880 931 2118 1000 laetitia
2158 935 2477 1018 gestiens,
2523 955 2658 1000 non

450 1037 733 1101 multum
778 1034 1090 1101 differunt
1133 1035 1219 1100 ab
1257 1035 1570 1100 amentia.
1661 1033 1770 1099 Ex
1811 1054 1946 1118 quo
1987 1034 2402 1118 intelligitur,
2433 1038 2658 1121 qualis

450 1137 563 1202 ille
609 1139 717 1216 sit,
750 1156 949 1220 quem
994 1141 1134 1201 tum
1176 1136 1616 1214 moderatum,
1645 1135 1819 1200 alias
1857 1135 2254 1215 modestum,
2283 1141 2663 1222 temperan-

453 1245 615 1317 tem,
634 1239 809 1304 alias
826 1242 1245 1303 constantem
1268 1234 1864 1321 continentemque
1882 1244 1915 1287 ⁴
1941 1237 2249 1303 dicimus.
2323 1237 2658 1304 Nonnun-

451 1359 653 1424 quam
684 1341 835 1406 haec
868 1339 1105 1406 eadem
1135 1340 1471 1405 vocabula
1502 1338 1590 1405 ad
1621 1339 2018 1420 frugalitatis
2047 1359 2312 1418 nomen,
2344 1345 2658 1424 tauquam

452 1440 537 1504 ad
569 1448 795 1525 caput,
825 1442 1063 1522 referre
1089 1442 1425 1509 volumus.
1518 1440 1719 1520 Quod
1767 1441 1900 1506 uisi
1943 1461 2024 1506 eo
2066 1441 2330 1507 nomine
2371 1443 2659 1508 virtutes

450 1543 959 1623 continerentur,
1010 1562 1350 1629 nunquam
1398 1543 1493 1610 ita
1536 1562 1658 1628 per
1701 1543 1871 1609 illud
1914 1543 2258 1626 vulgatum
2279 1547 2302 1588 ³
2339 1551 2542 1624 esset,
2587 1550 2662 1610 ut

442 1641 589 1725 jam
616 1646 951 1728 proverbii
984 1645 1208 1710 lucum
1239 1644 1598 1720 obtineret,
1627 1645 1998 1710 ‘homiuem
2027 1644 2200 1726 frugi
2231 1645 2459 1710 omnia
2479 1651 2661 1710 recte

450 1743 673 1810 facer-e
694 1746 737 1808 ε’
776 1749 883 1830 [p.
898 1745 1085 1827 212]
1114 1746 1299 1830 quod
1330 1745 1509 1812 idem
1536 1764 1690 1810 cnm
1722 1744 1942 1811 Stoici
1971 1745 2054 1810 de
2083 1746 2382 1830 sapiente
2403 1745 2658 1824 dicunt,

452 1845 651 1912 nimis
708 1848 1208 1924 admirabiliter,
1253 1848 1590 1930 nimisque
1649 1845 2004 1930 magnifice
2063 1845 2286 1912 dicere
2331 1846 2656 1912 videntur.

454 1963 652 2012 xvir.
682 1950 791 2014 3⁸7.
824 1949 1001 2032 Ergo
1024 1950 1135 2028 is,¹
1158 1951 1468 2035 quisquis
1499 1957 1625 2025 est,
1651 1951 1766 2032 qui
1789 1948 2242 2014 moderatione
2257 1954 2328 2014 et
2347 1954 2659 2014 constan-

452 2049 549 2114 tia
573 2050 843 2132 quietus
871 2051 1097 2117 auimo
1127 2058 1256 2128 est,
1281 2051 1548 2135 sibique
1575 2052 1726 2134 ipse
1748 2051 2084 2132 placatus,
2108 2054 2184 2114 ut
2203 2069 2324 2115 nec
2347 2050 2662 2116 tabescat

450 2150 799 2226 molestiis,
830 2170 958 2216 nec
984 2152 1327 2235 frangatur
1358 2153 1622 2230 timore,
1651 2171 1779 2216 nec
1811 2151 2104 2216 sitienter
2135 2151 2300 2235 quid
2337 2157 2660 2237 expetens

448 2251 687 2316 ardeat
714 2253 1077 2332 desiderio,
1093 2272 1231 2336 nec
1260 2254 1612 2318 alacritate
1641 2252 1864 2318 futili·
1895 2254 2194 2336 gestiens
2225 2252 2657 2336 deliquescat,

452 2355 517 2421 is
560 2361 666 2422 est
710 2355 1007 2440 sapiens,
1051 2375 1249 2440 quem
1303 2355 1709 2441 qnaerimu33
1751 2357 1814 2421 is
1861 2363 1968 2421 est
2011 2355 2286 2420 beatus:
2339 2355 2452 2421 cni
2495 2356 2662 2422 nihil

448 2454 881 2521 humanarum
928 2476 1143 2523 rerum
1194 2464 1310 2524 aut
1362 2458 1786 2524 intolerabile
1839 2458 1926 2524 ad
1977 2457 2464 2523 demittendum
2517 2457 2660 2523 aui·

450 2576 659 2636 mum,
684 2566 803 2623 aut
830 2558 1029 2624 nimis
1054 2559 1347 2626 laetabile
1367 2560 1454 2625 ad
1479 2559 1884 2625 efferendum
1909 2559 2122 2625 videri
2148 2564 2396 2643 potest.
2470 2559 2661 2639 Quid

1378 2712 1650 2735 “ovete“
1657 2712 1743 2733 ”O

450 2808 675 2873 Deinde,
692 2814 764 2860 ert
787 2811 1006 2861 stultitia
1025 2810 1221 2862 venet.
1244 2815 1492 2861 1480.-8
1527 2812 1732 2862 Victor.
1751 2809 1930 2861 bamb.
1956 2811 2007 2860 in
2045 2825 2206 2874 marg.
2237 2812 2324 2861 ed.
2345 2815 2492 2863 168⁴.
2524 2810 2661 2863 Dav.

450 2874 614 2926 wolf.
638 2876 847 2925 senua.
868 2876 1033 2926 Orell.
1050 2876 1203 2939 aliqui
1235 2876 1349 2925 tulin
1372 2882 1529 2926 terror
1542 2890 1566 2934 ,·
1597 2874 1800 2939 Gryph'i
1821 2876 1998 2937 uliquis
2027 2877 2143 2925 altis
2161 2882 2318 2926 terror
2329 2893 2350 2935 ,-
2385 2876 2507 2927 edd.
2529 2878 2663 2927 anti·

450 2942 607 3005 quies.
632 2941 775 2989 Crat.
810 2940 1016 2990 Manut.
1041 2939 1223 2990 Lami).
1248 2944 1395 2989 1566.
1451 2940 1650 3003 aliquia,
1684 2939 1798 2988 otiis
1831 2940 1978 3001 dolor,
2015 2941 2128 2989 aliia
2163 2945 2351 2997 terror-3
2383 2939 2534 2992 codd.
2568 2944 2662 2991 aii·

452 3014 598 3067 quot,
623 3004 816 3054 Venet.
839 3008 985 3054 1481.
1006 3011 1059 3054 et
1082 3006 1214 3054 Lali.
1233 3004 1434 3067 aliquid,
1452 3006 1566 3055 aliis
1596 3004 1747 3065 dolor,
1765 3003 1881 3053 aliis
1901 3008 2059 3051 terror
2072 3020 2092 3062 ,-
2133 3002 2243 3053 eoi.
2267 3006 2442 3067 aliqui·
2471 3010 2660 3063 terror,-

450 3068 611 3118 Bern.
635 3072 660 3117 1
686 3068 867 3131 utiqtid
899 3069 1013 3117 tatia
1044 3073 1317 3120 terren—4
1352 3070 1510 3119 Bern.
1536 3074 1582 3120 1.
1609 3068 1799 3118 Venet.
1826 3069 1970 3117 1481.
2001 3068 2245 3119 Beroald.
2268 3068 2490 3133 Argent.
2513 3073 2662 3119 1⁵11.

450 3132 655 3183 Erasm.
690 3134 835 3183 Crat.
874 3134 1079 3183 Victor.
1118 3134 1325 3183 Manut.
1360 3133 1544 3183 Lamb.
1591 3133 1720 3183 Lali.
1758 3132 1972 3195 Bipout.
2027 3134 2284 3183 modestum
2317 3140 2366 3184 et
2407 3140 2548 3198 temp.
2579 3134 2661 3195 ξε.

450 3194 607 3247 Wolf.
628 3196 694 3245 de
716 3198 850 3260 conj.
870 3202 971 3246 tum
1008 3198 1303 3247 moderatum
1334 3196 1483 3261 [alias
1516 3194 1799 3259 modestum]
1830 3200 1933 3246 tum
1966 3200 2321 3261 temperantem,
2340 3198 2423 3256 ὅτ.
2452 3199 2660 3248 Schntz.

445 3260 512 3311 de
550 3261 851 3321 conjectura
893 3261 1110 3318 Davisii,
1152 3268 1255 3311 tum
1297 3264 1608 3319 moderatum,
1652 3267 1756 3311 tum
1796 3265 2133 3323 temperantem
2173 3262 2661 3325 continentemque.—

448 3330 479 3372 6
515 3326 602 3376 Ita
636 3325 762 3374 Vnt.
798 3332 855 3375 et
888 3326 1117 3376 Gronov.
1142 3330 1289 3376 1692.
1310 3326 1551 3375 defendit
1573 3326 1758 3377 Garat.
1797 3324 1862 3373 ad
1904 3324 2202 3374 Sextianam
2240 3340 2293 3388 p.
2320 3329 2434 3375 129.
2460 3328 2533 3375 itu
2552 3341 2658 3387 per·

445 3390 697 3503 m.
713 3390 917 3515 mm..
1021 3389 1514 3505 namn*
1538 3393 1685 3508 ¹122}-
1716 3388 2014 3503 zzssgzass·
2033 3387 2210 3503 staff·
2223 3388 2456 3503 13:133?
2475 3390 2658 3503 332:-

1004 3470 1055 3503 m
1295 3486 1313 3503 ο
1486 3489 1501 3507 0
1679 3486 1694 3503 ο
1969 3486 1984 3502 a
2163 3486 2178 3505 ο
2417 3485 2430 3501 ο
2643 3488 2658 3505 0

450 3514 621 3566 Paulo
646 3524 783 3580 post,
804 3519 963 3568 omnia
982 3523 1114 3567 recta
1136 3516 1269 3579 Reg.

513 3582 657 3631 Can.
690 3595 833 3631 xvir.
900 3589 927 3632 1
971 3582 1105 3643 Ergo
1127 3583 1205 3632 hic
1240 3584 1367 3645 Reg.
1398 3581 1486 3631 alii
1520 3578 1676 3630 cedd.
1697 3585 1754 3629 et
1777 3582 1912 3630 Dav.
1977 3580 2129 3640 Mox,
2163 3580 2430 3631 connatis
2466 3582 2662 3645 polleat,

448 3646 635 3707 φήσειε
658 3646 805 3696 Crat.
860 3661 1011 3709 neque
1029 3646 1289 3707 frangitur
1322 3646 1489 3695 timore
1519 3658 1671 3707 neque
1690 3645 1884 3695 venet.
1911 3648 2053 3696 1481.
2089 3645 2333 3695 Beroald.
2363 3646 2513 3696 Crat.
2541 3646 2656 3696 Ma-

446 3716 559 3763 unt.
582 3710 761 3761 Lamb.
813 3710 931 3774 quid
954 3716 1203 3774 expectens
1225 3711 1359 3775 Reg.
1410 3710 1527 3774 qaid
1559 3714 1783 3774 appetem
1817 3710 1938 3760 edd.
1968 3708 2242 3775 antiquiss.
2277 3710 2425 3762 Crat.
2453 3711 2660 3761 Manat.

1446 3845 1662 3897 NOTAE

512 3944 533 3971 ²
563 3934 836 3987 Aluan-itate
863 3936 1034 4001 sutili]
1070 3938 1256 3989 Fertilis
1300 3943 1383 3986 est
1424 3938 1513 4001 qui
1597 3949 1784 4000 aquam
1809 3933 1876 3986 ad
1898 3950 2048 3987 sacra
2074 3936 2332 3985 Vestoein
2365 3941 2504 3985 terra
2536 3935 2659 3999 poni

449 4009 603 4062 silere
628 4014 849 4064 tacenda
880 4017 1082 4078 nequit,
1119 4013 1289 4079 inquit
1316 4012 1518 4063 Festus.
1598 4009 1859 4074 piaculum
1893 4018 2026 4067 erat,
2049 4010 2398 4073 excogitatum
2432 4014 2512 4057 est
2547 4023 2656 4065 vas.

448 4086 697 4139 Deducta
716 4104 817 4140 vox
840 4103 872 4139 a
890 4092 907 4119 ‘
928 4088 1108 4150 futili:
1129 4088 1265 4153 quod
1290 4100 1375 4137 vas
1398 4093 1516 4138 erat
1599 4084 1738 4149 quod
1777 4090 1920 4135 stare
1955 4099 2054 4135 non
2090 4092 2294 4149 possen
2333 4082 2657 4149 positumque

448 4160 557 4213 lato
579 4178 691 4226 cre,
711 4164 879 4217 fundo
898 4172 1135 4230 augusto,
1160 4178 1261 4229 qne
1295 4164 1515 4215 utebau·
1597 4159 1772 4210 statim
1826 4159 2155 4211 funderetur.
2222 4156 2470 4209 Placidus
2524 4159 2654 4210 Lae-

449 4240 537 4287 tur
572 4238 624 4289 in
656 4240 817 4291 sacris
841 4242 974 4292 Deae
1000 4240 1173 4291 Vestae
1196 4256 1209 4290 ε
1247 4239 1367 4304 qnia
1392 4252 1515 4287 vero
1599 4236 1795 4287 tautina
1816 4236 1868 4287 iu
1889 4236 2048 4287 Theb.
2069 4234 2162 4286 lib.
2191 4246 2315 4285 vm.
