3080 4788
524 383 654 449 914
1309 393 1386 439 Μ.
1433 392 1502 439 Τ.
1550 388 1953 439 clcssnoms

525 561 662 605 non
691 538 956 605 indocte
987 536 1228 614 solnm,
1278 552 1504 599 verum
1537 532 1739 598 etiam
1770 532 1978 613 impie
2006 525 2241 606 faciat,
2269 526 2328 593 si
2363 530 2553 595 Deos
2578 548 2735 595 esse

525 648 739 723 neget.
831 638 979 703 Ne'c
1011 658 1173 702 sane
1201 636 1493 701 multum
1537 636 1839 709 interest,
1886 639 2108 697 utrum
2145 631 2213 696 id
2250 636 2464 714 neget,
2498 652 2580 696 an
2612 652 2739 696 eos

525 742 705 807 omni
739 740 1203 825 procuratione
1233 745 1435 821 atque
1465 737 1732 802 actione
1761 735 2018 817 privet:
2050 732 2211 797 mihi
2254 733 2451 809 enirn,
2484 733 2603 817 qui
2632 733 2734 797 ni-

526 843 619 909 hil
665 844 823 926 agit,
869 861 1022 906 esse
1068 840 1338 905 omnino
1386 857 1519 903 non
1566 836 1849 903 videtur.
1940 834 2113 899 Esse
2156 834 2356 917 igitur
2400 834 2587 899 Deos
2627 835 2733 899 ita

526 943 969 1027 perspicuum
985 946 1134 1019 -est,
1180 947 1276 1018 nt,
1321 940 1390 1003 id
1440 940 1558 1022 qui
1602 943 1821 1020 neget,
1864 936 1980 1002 vix
2028 954 2187 999 eum
2226 953 2412 999 sanae
2442 935 2736 1025 mentis‘

527 1046 933 1109 existimemss
1028 1058 1232 1106 xvn.
1293 1042 1402 1105 45.
1470 1038 1767 1111 Restat‚¹
1812 1043 1907 1115 ut,
1953 1036 2172 1121 qualis
2212 1054 2437 1101 eorum
2494 1044 2731 1102 natura

530 1147 641 1220 sit,
676 1144 1210 1209 consideremus:
1247 1143 1311 1206 in
1352 1161 1489 1225 quo
1518 1139 1688 1205 nihil
1730 1146 1837 1204 est
1870 1137 2228 1212 difficilius,
2269 1155 2467 1219 quam
2499 1157 2542 1202 u
2570 1156 2734 1203 con-

531 1247 894 1313 suetudine
919 1245 1268 1309 oculorum
1289 1244 1505 1309 aciem
1529 1242 1770 1307 mentis
1798 1238 2159 1305 abducere.
2246 1238 2350 1303 Ea
2379 1236 2734 1306 difficultas

531 1346 802 1412 induxit
833 1352 901 1410 et
930 1346 1129 1428 vulgo
1161 1345 1532 1427 imperitos,
1554 1350 1643 1431 ‚et
1675 1342 1923 1406 similes
1956 1339 2402 1424 philosophos
2426 1336 2449 1376 f
2470 1340 2733 1425 imperi-

533 1456 776 1523 torum,
801 1454 902 1522 ut,
933 1446 1058 1509 nisi
1089 1444 1318 1527 figuris
1343 1444 1683 1508 hominum
1714 1442 2129 1520 constitutis,
2158 1441 2320 1506 nibil
2349 1448 2627 1526 possent
2649 1442 2739 1506 de

531 1547 687 1610 Diis
736 1546 1220 1610 immortalibus
1249 1546 1559 1627 cogitare.
1647 1544 1857 1627 Cujus
1896 1543 2236 1628 opinionis
2274 1543 2542 1619 levitas,
2581 1561 2733 1607 con-

534 1647 754 1713 futata
783 1667 826 1712 a
847 1645 1108 1726 Cotta}
1137 1666 1268 1711 non
1299 1646 1636 1712 desiderat
1665 1645 2033 1711 orationem
2062 1664 2300 1711 meam.
2386 1644 2545 1723 Sed,
2582 1662 2735 1707 cum

536 1750 736 1813 talem
767 1767 922 1813 esse
952 1747 1176 1812 Deum
1208 1754 1390 1812 certa
1432 1748 1703 1810 notione
1733 1746 1937 1811 animi
1958 1752 1983 1782 ²
2021 1745 2552 1829 praesentiamns,
2596 1744 2735 1828 pri·

530 1869 736 1926 mum,
778 1855 854 1915 ut
885 1851 977 1915 sit
1003 1850 1332 1927 animans,
1364 1848 1631 1926 deinde,
1662 1852 1737 1912 ut
1764 1848 1830 1911 in
1858 1848 2039 1911 omni
2070 1853 2311 1913 natura
2336 1846 2502 1911 nihil
2530 1865 2613 1912 eo
2644 1846 2737 1912 sit

531 1952 970 2035 praestantius
993 1971 1013 2031 3
1051 1951 1137 2015 ad
1167 1950 1338 2015 hanc
1363 1949 1887 2032 praesensionem
1912 1947 2381 2033 notionemque
2404 1955 2733 2027 nostram,

531 2051 694 2115 nihil
749 2052 970 2129 video,
1016 2049 1199 2135 quod
1245 2051 1482 2134 potius
1523 2050 2060 2127 accommodem,
2102 2054 2199 2132 [p.
2226 2048 2365 2131 35.]
2410 2068 2611 2133 quam
2658 2058 2739 2113 nt

530 2153 816 2234 primum
853 2152 1030 2216 hune
1073 2152 1296 2234 ipsum
1340 2152 1682 2228 mundum,
1712 2170 1847 2234 qno
1889 2150 2053 2214 nihil
2096 2150 2239 2214 fieri
2282 2150 2735 2215 excellentius

531 2259 783 2335 potest,
817 2253 1224 2317 animantem
1255 2270 1400 2316 esse
1431 2257 1501 2316 et
1532 2252 1752 2315 Deum
1775 2250 2103 2334 judicem.
2190 2250 2299 2315 46.
2346 2252 2733 2334 Hic,quam

535 2352 732 2428 volet,
765 2349 1106 2435 Epicurus
1155 2349 1472 2434 jocetur,h
1503 2352 1705 2417 homo
1740 2369 1872 2416 non
1918 2352 2313 2434 aptissimus
2366 2349 2450 2416 ad
2491 2350 2733 2435 jocan-

534 2453 716 2530 dum,
765 2453 1166 2536 minimeque
1229 2453 1642 2536 respiciens³
1695 2451 2055 2536 patriam3¹
2101 2459 2169 2518 et
2219 2454 2425 2527 dicat,
2478 2471 2551 2516 se
2600 2472 2733 2518 non

513 2551 738 2636 'posse
784 2553 1164 2634 intelligere,
1210 2554 1432 2636 qualis
1495 2555 1586 2620 sit
1630 2553 1949 2619 volubilis
1998 2560 2068 2618 et
2131 2553 2447 2618 rotundus
2500 2553 2733 2619 Deus:

533 2662 756 2719 tamen
789 2672 875 2718 ex
902 2653 1059 2734 boc,
1089 2653 1268 2736 quod
1301 2655 1450 2738 ipse
1479 2655 1682 2720 etiam
1713 2655 1976 2738 probat,
2005 2674 2343 2737 nunquam
2372 2674 2477 2719 me
2506 2673 2733 2720 move-

533 2757 652 2822 bit.
743 2754 983 2821 Placet
1022 2755 1198 2820 enim
1227 2754 1325 2820 illi
1353 2774 1503 2821 esse
1535 2755 1751 2834 Deos,
1792 2755 1955 2838 quia
1982 2775 2258 2822 necesse
2288 2757 2377 2822 sit
2405 2762 2737 2840 praestan-

1463 2921 1616 2944 ”000
1622 2921 1827 2945 '‘000‘'

537 3035 710 3086 Nobb.
733 3035 996 3087 orem—o
1019 3037 1178 3103 Glog.
1202 3035 1480 3088 Heindorf.
1499 3037 1697 3088 Moser.
1720 3036 1939 3090 Schntz.
1959 3005 2126 3092 orell.
2146 3057 2276 3092 cana
2296 3057 2398 3094 em
2416 3042 2619 3102 nenti„-
2667 3043 2737 3106 A,

535 3103 732 3151 Thoan.
758 3116 872 3150 sane
893 3103 1082 3152 mentis.

601 3167 740 3215 CM».
772 3177 918 3216 xvir.
972 3171 997 3215 l
1034 3167 1163 3216 Sane
1182 3170 1330 3215 restat
1353 3164 1742 3230 codas-liquot,
1766 3181 1945 3232 margo
1967 3167 2164 3220 Venet.
2186 3171 2329 3220 1507.
2350 3169 2503 3220 Junt.
2561 3169 2737 3219 Reum

529 3244 644 3280 sane
668 3229 801 3278 Rea.
821 3236 876 3278 et
899 3230 1178 3278 Lamo-2
1220 3228 1388 3278 Codd.
1411 3229 1607 3293 aliquot
1636 3232 1872 3282 Lambini
1903 3233 2091 3283 ratione
2119 3233 2285 3284 animi.
2352 3235 2503 3295 Mox,
2521 3235 2585 3282 ud
2616 3235 2737 3284 hane

525 3295 892 3357 preaeminent
924 3292 1350 3355 mentionemque
1387 3294 1539 3356 Gloss.
1575 3293 1853 3347 Heindorf.
1890 3297 2101 3347 Senum.
2169 3296 2395 3353 Deinde.
2430 3297 2741 3348 excellentius

520 3359 642 3423 fieri
669 3360 796 3420 Reg.
821 3359 1014 3406 Ellens.
1041 3361 1090 3406 1.
1109 3361 1162 3405 2.
1185 3357 1230 3405 A
1256 3358 1301 3405 Β
1323 3358 1367 3407 C
1388 3357 1416 3406 1
1445 3359 1520 3419 N,
1537 3359 1683 3408 Gud.
1700 3364 1753 3408 2.
1772 3362 1941 3412 Paris.
1965 3364 2013 3410 1.
2034 3367 2085 3411 2.
2103 3366 2153 3410 8·
2180 3361 2331 3412 Junt.
2360 3361 2562 3412 Victor.
2596 3361 2735 3412 Dav-

535 3421 818 3472 Heindorf.
841 3436 932 3484 quo
951 3421 1256 3471 excellentius
1275 3420 1399 3470 nihil
1407 3421 1528 3486 fleri
1547 3427 1719 3486 potest,
1738 3426 2023 3475 animantem
2042 3430 2109 3486 et,
2127 3426 2209 3487 ξε.
2248 3426 2438 3477 omisso
2457 3441 2578 3485 em,
2600 3423 2741 3475 G.—

535 3490 566 3534 3
605 3487 688 3539 Ita
723 3485 930 3549 plurimi
959 3484 1113 3534 codd.
1135 3493 1192 3535 et
1223 3485 1344 3534 edd.
1367 3487 1595 3546 resipiens
1628 3502 1657 3535 e
1692 3501 1794 3538 uno
1816 3489 1935 3537 cod.
1960 3488 2129 3538 Unin.
2154 3489 2286 3537 Dav.
2306 3490 2436 3538 Lali.
2460 3487 2741 3540 Heindorf.

533 3550 741 3599 Selium.
777 3550 972 3597 Moser.
1003 3547 1176 3600 Nobb.
1212 3548 1380 3597 Orell.
1446 3551 1613 3598 Panlo
1650 3559 1785 3614 post,
1818 3554 1917 3614 ipse
1948 3552 2096 3600 etiam
2131 3551 2178 3601 A
2202 3551 2247 3601 Β
2271 3551 2316 3601 C
2346 3553 2398 3602 H
2434 3553 2483 3608 1,
2518 3552 2659 3603 Gud.
2687 3557 2741 3602 ².

531 3613 702 3664 Paris.
729 3619 773 3662 ι.
795 3613 990 3664 Eliem.
1009 3617 1054 3662 1.
1076 3617 1124 3663 2.
1150 3613 1282 3677 Reg.
1301 3612 1521 3663 Mediol.
1544 3613 1763 3665 Asceno.
1784 3629 1965 3680 margo
1982 3615 2175 3667 Venet-
2194 3619 2339 3666 1507.
2357 3615 2510 3668 sunt.
2532 3617 2734 3669 vietor.

1525 3790 1749 3842 NOTAE

601 3909 622 3943 f
659 3911 853 3961 Similes
903 3909 1237 3974 philosophos]
1290 3909 1597 3975 Epicureos,
1680 3911 1821 3961 Deos
1878 3909 2128 3962 volubiles
2188 3911 2565 3976 retundemus,
2620 3929 2743 3966 suos

539 4003 685 4053 quos,
710 3987 760 4035 in
785 3987 941 4037 Tusc-
961 3984 1052 4034 lib.
1086 3997 1173 4034 ιιι.
1210 3985 1402 4048 ‘genus
1436 3987 1597 4037 homi-
1678 3984 1963 4049 pellucidoo
1996 3999 2057 4034 ac
2096 3983 2407 4050 perflabiles,
2436 4001 2530 4052 per
2556 3989 2741 4053 jocum

537 4081 657 4115 num
685 4064 893 4114 minime
917 4060 1252 4112 malitioanm'
1273 4069 1445 4112 vocat.
1680 4062 1853 4111 dicere
1878 4063 2099 4113 solebat.

602 4151 627 4185 t
663 4142 706 4189 A
737 4141 907 4202 Coun]
946 4137 1103 4188 Libro
1127 4136 1414 4200 superiore.
1744 4136 1756 4169 ¹
1796 4135 2069 4202 Respiciens
2102 4138 2339 4202 patriam]
2376 4137 2629 4204 Athenas,
2652 4155 2743 4192 eu-

605 4213 628 4246 Ι·
665 4213 902 4292 Ρξρίειινιω
923 4213 1140 4276 jocetur]
1177 4213 1282 4266 Qui
1303 4212 1597 4262 Stoicorum
1670 4212 1757 4274 jus
1780 4214 1913 4266 sales
1938 4213 2145 4266 minime
2167 4215 2406 4278 sapiebat
2429 4215 2713 4280 Epicurus.
