3080 4788
2440 336 2572 403 623

360 494 541 579 peris
588 493 893 577 angitur:
964 495 1194 577 itaque
1236 493 1403 559 dicit
1446 492 1921 559 Callisthenem
1966 494 2292 561 incidisse
2337 498 2406 563 in
2452 500 2573 563 ho-

360 599 605 661 minem
650 613 913 659 summa
957 595 1281 679 potentia,
1327 613 1724 677 summaque
1767 594 2056 674 fortuna,
2095 596 2212 662 sed
2251 600 2567 683 ignarum,

360 695 923 781 quemadmodum
949 697 1147 759 rebus
1171 695 1488 760 secundis
1512 696 1611 759 uti
1627 697 2026 769 conveniret.-
2086 696 2317 783 Atqui,
2336 720 2573 785 quem<

362 797 721 887 admodum
768 796 1225 863 misericordia
1270 795 1598 878 aegritudo
1641 801 1747 861 est
1782 816 1871 861 ex
1911 796 2188 863 alterius
2207 801 2409 874 ¹rebuu
2455 801 2580 873 ad-.

363 900 605 975 versis,
656 899 759 964 sic
790 897 1168 973 ,invidentia
1218 897 1547 979 aegritudo
1599 904 1703 962 est
1745 916 1834 963 ex
1893 898 2172 975 alterius
2221 902 2416 966 rebus
2461 921 2568 966 se-

364 1000 623 1065 cundis.
716 997 797 1063 In
845 1018 1044 1084 quem
1091 998 1289 1080 igitur
1334 998 1515 1064 cadit
1559 1000 1877 1075 misereri,
1929 1000 1998 1063 in
2041 1001 2320 1068 eundem
2368 1004 2568 1067 etiam

360 1102 677 1165 invidere.
754 1099 911 1165 Non
942 1101 1127 1165 cadit
1148 1107 1367 1165 autem
1395 1101 1692 1167 invidere
1713 1103 1780 1167 in
1811 1101 2217 1186 sapientem:
2265 1105 2366 1186 [p.
2388 1104 2568 1187 195]

360 1220 625 1284 ergone
653 1202 949 1267 misereri
976 1202 1269 1285 quidem.
1361 1198 1567 1281 Quod
1603 1203 1661 1274 si
1693 1222 1870 1285 aegre
1892 1207 1912 1245 ³
1951 1203 2120 1269 ferre
2151 1204 2428 1287 sapiens
2459 1226 2568 1269 so-

358 1304 552 1381 leret,
585 1304 883 1369 misereri
926 1302 1131 1368 etiam
1168 1304 1431 1370 soleret.
1522 1300 1746 1368 Abest
1774 1323 1929 1386 ergo
1957 1323 1998 1369 a
2031 1304 2336 1387 sapiente
2380 1306 2569 1389 vegri-

362 1404 550 1471 tudo.
1342 1456 1353 1471 .

446 1508 555 1571 22.
606 1506 832 1591 Haecf
873 1507 975 1571 sic
1018 1506 1329 1571 dicuntur
1372 1524 1413 1569 a
1460 1505 1732 1581 Stoicis,
1763 1504 2576 1590 concludunturque‚con·,

363 1609 624 1671 tortius.
714 1606 851 1671 Sed
896 1608 1103 1672 latius
1152 1605 1557 1690 aliquando⁵
1589 1606 1872 1671 dicenda
1896 1614 2174 1683 sunt„et
2215 1606 2564 1685 diffusius:

360 1706 705 1771 sententiis
752 1713 973 1772 tamen
1018 1707 1337 1773 utendum
1386 1725 1614 1771 eorum
1644 1707 2094 1790 potissimum,
2125 1708 2238 1789 qui
2271 1708 2578 1786 maxime.

354 1808 534 1886 forti,
564 1815 657 1886 et,
689 1816 762 1872 ut
806 1809 905 1873 ita
949 1808 1193 1886 dicam,
1224 1808 1398 1885 virili
1443 1812 1718 1872 utuntur
1762 1808 2018 1871 ratione
2059 1813 2261 1890 atque
2296 1817 2568 1872 senten·

355 1909 473 1972 tia.
563 1907 747 1973 Nam
790 1907 1249 1992 Peripatetici,
1280 1908 1644 1973 familiares
1687 1909 1916 1982 nostri,
1947 1909 2220 1992 (quibus
2252 1907 2416 1971 nihil
2457 1917 2567 1973 est

356 2010 653 2087 uberius,
700 2009 865 2073 nihil
916 2009 1265 2086 eruditius,
1306 2008 1473 2072 nihil
1526 2008 1820 2090 gravius)
1863 2007 2412 2074 mediocritates⁶
2456 2010 2574 2087 vel·

357 2110 952 2193 perturbationum,
987 2111 1095 2175 vel
1142 2110 1523 2178 morborum
1571 2110 1798 2187 animi,
1831 2108 1991 2173 mihi
2035 2126 2170 2173 non
2204 2127 2365 2175 sane
2411 2129 2562 2192 pro-

622 348 946 400 ·ruscun.
993 348 1511 411 QUAESTIONUM
1567 350 1710 397 nis.
1758 350 1874 400 ιιι.
1921 350 2086 399 cn.
2134 336 2244 401 10.

1270 2252 1636 2275 ONOOOmOOO

354 2335 513 2385 habet
546 2335 762 2385 undatim
829 2336 1055 2400 Deinde,
1092 2336 1231 2386 rebus
1268 2338 1483 2387 secundis
1518 2336 1904 2400 quemamodu-
1935 2336 2125 2386 Venet.
2158 2340 2303 2388 1480.
2369 2337 2568 2402 Verba,

352 2403 429 2450 uti
449 2401 733 2450 conveniret.
799 2401 953 2466 Atqui
976 2437 990 2453 .
1009 2434 1023 2450 .
1047 2435 1062 2449 .
1084 2403 1280 2452 alterius
1299 2403 1437 2452 rebus
1456 2404 1691 2464 secundis,
1709 2400 1896 2451 desunt
1920 2403 1970 2449 in
1992 2403 2037 2450 E
2057 2407 2194 2464 ξ.-8
2221 2404 2351 2458 Quid
2371 2403 2416 2450 si
2437 2417 2566 2463 «εν-ι

358 2465 419 2514 Ε.
467 2465 607 2522 Quod
628 2465 675 2513 si
698 2466 782 2514 hoc
802 2480 931 2527 agre
959 2467 1113 2516 codd.
1156 2467 1411 2532 plerique,
1434 2468 1564 2530 Reg.
1588 2481 1675 2530 ap.
1695 2465 1860 2516 Bouh.
1891 2467 2100 2516 Venett.
2121 2470 2264 2517 1480.
2292 2469 2437 2516 1481.
2461 2467 2566 2515 Be·

354 2529 521 2578 rosld.
544 2529 686 2579 Crat.
709 2529 912 2579 Victor.
934 2531 1141 2580 Manut-
1199 2532 1338 2588 Quod
1356 2534 1401 2580 si
1420 2531 1519 2580 hae
1540 2543 1670 2592 ‹ego-e
1691 2530 1794 2581 duo
1818 2531 1970 2581 codd.
1997 2531 2270 2582 Oxou-*4
2308 2531 2432 2579 Hoee
2451 2545 2566 2593 ergo

354 2597 393 2656 ψ
412 2597 557 2642 2.-5
595 2592 727 2654 Reg.
760 2593 805 2642 E
826 2595 877 2642 U
900 2613 917 2642 ι
937 2600 962 2657 ε
980 2613 1015 2644 a·
1036 2610 1075 2658 χ
1094 2599 1131 2658 ψ
1154 2601 1199 2645 1.
1222 2601 1270 2645 2.
1291 2596 1458 2645 Orell.
1478 2595 1740 2658 aliquanto.
1778 2597 1914 2644 Dav.
1936 2595 2100 2650 dedit,
2125 2595 2248 2644 Haec
2281 2595 2324 2643 si
2344 2595 2566 2644 dicuntur

356 2688 370 2704 .
390 2691 403 2707 .
424 2688 441 2705 .
461 2663 512 2706 et
533 2657 679 2706 latius
698 2657 965 2721 aliquando,
988 2663 1070 2722 &e-
1086 2661 1153 2708 de
1168 2659 1397 2708 Bentleii
1420 2659 1752 2722 conjectura.
1809 2660 1825 2687 ‘
1844 2659 1964 2718 Non
1985 2667 2064 2707 est
2088 2666 2262 2708 utitem
2283 2659 2384 2707 ista
2409 2659 2566 2708 lectio

356 2723 591 2784 vulgata,
612 2731 671 2770 ut
695 2724 771 2770 sit
792 2723 1023 2773 Schutz!
1052 2724 1202 2772 Oreu.
1253 2723 1463 2777 Statim,
1477 2725 1705 2772 utendum
1726 2728 1798 2773 est
1821 2725 1986 2773 codex
2009 2737 2139 2772 unm
2154 2723 2326 2772 Oxou.
2347 2723 2573 2792 Veneti,

362 2789 507 2835 1⁴8⁰.
532 2788 675 2835 1481.
697 2787 940 2836 Beroald.
960 2789 1183 2850 Argent.
1205 2790 1354 2837 1511.
1378 2787 1580 2837 Erasm.
1602 2787 1742 2836 Crat.
1765 2789 1968 2836 Manut.
1991 2786 2174 2836 Lamb.
2225 2787 2336 2848 quia
2359 2788 2566 2836 maxime

358 2851 495 2899 Dav.
532 2851 581 2898 in
629 2850 715 2898 ed.
755 2857 938 2915 ιιι-0
972 2852 1139 2902 Codd.
1187 2853 1407 2916 aliquot,
1446 2851 1638 2901 venet.
1677 2854 1822 2900 1480.
1865 2851 2107 2899 Ber-oald-
2148 2849 2370 2912 Argent.
2421 2853 2566 2899 1511.

356 2915 556 2964 Erasm.
578 2914 786 2965 Manut-
810 2915 988 2966 Lamb.
1023 2913 1416 2968 mediocritatem
1486 2913 1760 2972 Actutum.
1789 2915 1862 2964 cel
1897 2914 2218 2964 turbationum
2253 2915 2300 2962 E
2333 2929 2391 2974 χ.
2433 2915 2565 2964 slte-

1343 3041 1557 3094 No'rAE

354 3131 434 3180 nis
458 3130 694 3181 libertas.
760 3133 959 3196 Magna
980 3131 1291 3196 scriptorum
1316 3131 1421 3181 dis-

354 3206 525 3255 sensio
547 3205 613 3254 de
636 3207 818 3256 mortis
842 3220 1050 3268 genere.
1121 3205 1233 3270 Ipsi
1258 3205 1420 3255 Alex·

356 3282 503 3331 andri
546 3282 761 3332 comites
783 3279 1116 3333 Aristobulus
1154 3289 1210 3332 et
1241 3283 1416 3332 Ptole-

354 3370 519 3407 maens
555 3357 695 3419 apud
738 3355 1017 3408 Arrianum
1060 3358 1267 3408 diverse
1302 3373 1421 3422 pro·

355 3433 523 3494 ‹lunt;
570 3433 679 3492 ille,
717 3431 947 3483 vinctum
992 3433 1327 3497 compedibus
1369 3433 1423 3482 in

353 3509 597 3560 exercitu
634 3507 867 3574 doctum,
911 3515 1093 3571 postea
1127 3508 1307 3558 morbo
1345 3509 1421 3557 in·

354 3585 589 3640 iniisse,
612 3597 765 3648 quem
802 3585 981 3636 Laert.
1003 3598 1119 3635 cum
1147 3584 1307 3633 Suida
1333 3597 1423 3646 pe-

353 3659 641 3710 dicularem
682 3661 758 3709 ait
799 3659 996 3720 fuisse3
1056 3661 1177 3716 iste,
1224 3665 1422 3708 tortum

354 3747 417 3784 sc
441 3731 665 3799 denique
688 3734 969 3798 suspendio
990 3740 1233 3783 necatum
1253 3749 1269 3794 3
1300 3734 1419 3784 Jus-

354 3809 511 3864 tinns,
536 3817 654 3872 post
675 3811 817 3858 varia
855 3815 1116 3858 tormenta
1152 3813 1309 3871 epoto
1334 3821 1422 3856 ve-

352 3894 489 3934 neno
511 3884 825 3936 calamitatis
847 3885 999 3936 finem
1022 3884 1273 3949 quaesisse
1294 3898 1311 3945 ς
1332 3883 1424 3932 Se·

351 3968 505 4022 neca,
547 3961 757 4011 Suasor.
800 3974 840 4010 r.
886 3961 1069 4010 lancea
1111 3960 1422 4023 trajectum3

352 4035 731 4098 Philostratus,
765 4050 797 4084 a
836 4033 1237 4096 Macedonibus,
1279 4033 1418 4098 quod

351 4123 445 4158 eos
465 4111 833 4174 vituperasset,
857 4109 1191 4161 interfectum
1213 4127 1229 4171 ς
1271 4110 1427 4174 pleri-

1505 3131 1570 3180 sd
1612 3132 1972 3194 spectaculum
2001 3130 2275 3194 scripsere.
2340 3129 2476 3179 Vide
2499 3131 2568 3181 Q.

1505 3207 1654 3256 Curi.
1675 3221 1802 3256 vm.
1823 3210 1905 3257 27.
1929 3207 2008 3256 Ad
2027 3208 2391 3257 Callisthenem
2417 3219 2568 3268 spec-

1505 3289 1584 3331 tat
1611 3281 1738 3340 illud
1765 3281 1943 3332 Ovidii
1965 3282 2017 3332 in
2043 3282 2183 3344 Ibin,
2203 3282 2254 3330 in
2276 3296 2376 3344 quo
2399 3281 2565 3342 expli-

1505 3355 1671 3407 cando
1691 3357 1949 3407 desudant
1962 3363 2400 3406 commentatores
2418 3371 2430 3400 ε
2451 3355 2565 3403 ‘Iu-
2623 3389 2626 3394 -

1505 3433 1788 3496 elususque
1828 3444 2007 3480 necem
2047 3445 2209 3480 cavea
2247 3430 2482 3493 patiaris,
2507 3436 2566 3479 nt

1504 3509 1594 3558 ills
1629 3509 1747 3559 Non
1787 3504 2103 3569 profecturae
2139 3505 2379 3555 conditor
2407 3505 2564 3556 histo·

1506 3583 1636 3634 rie-⁸
1702 3581 1922 3632 Accitns
1953 3581 2090 3631 enim
2112 3589 2228 3630 erat
2251 3581 2316 3630 ab
2341 3579 2566 3629 Alexan-

1504 3660 1602 3709 dro
1627 3665 1685 3709 ut
1709 3657 1774 3707 ab
1796 3658 1882 3707 illo
1905 3663 2053 3720 gesta
2075 3657 2127 3706 in
2154 3655 2280 3706 Asis
2305 3655 2564 3704 memoriae

1504 3734 1774 3797 proderet.

1566 3806 1580 3842 ⁸
1615 3809 1810 3859 sodalis
1843 3807 1946 3870 sui]
1976 3807 2216 3870 Uterque
2239 3810 2565 3869 proeceptore

1511 3884 1793 3935 Aristotele
1825 3899 1946 3934 usus
1984 3889 2117 3932 erst.
2178 3880 2448 3930 Creditum
2484 3885 2568 3928 est

1504 3959 1966 4016 Aristotelemsol)
2003 3971 2182 4006 necem
2218 3953 2569 4015 Callisthenis,
2627 3983 2630 3988 -

1508 4037 1831 4099 excogitasse
1884 4047 2138 4085 venenum
2205 4031 2330 4078 illud
2387 4030 2567 4092 Stygis

1508 4122 1676 4173 aqum,
1719 4124 1820 4175 quo
1867 4107 2026 4176 periit
2069 4103 2366 4156 Alexander
2414 4105 2568 4170 Mag-

350 4199 457 4249 que
499 4199 679 4237 omnes
721 4188 777 4238 in
816 4199 981 4239 cavea
1014 4185 1427 4238 circumductum
1508 4199 1623 4248 nus.
