3080 4788
2397 311 2530 377 895

337 469 674 534 mitiorum
722 473 1147 550 rogatorem:
1233 467 1341 532 11.
1382 467 1558 532 Tum
1583 475 1607 504 ²
1667 468 2034 544 Gracchus,
2095 473 2198 546 (ut
2247 488 2288 533 e
2341 475 2530 552 patre

339 568 727 646 audiebam)
756 570 1069 632 incensus
1099 569 1222 643 ira,
1257 568 1455 634 Itane
1482 571 1691 634 vero‘l
1781 569 1926 650 Ego
1953 588 2085 633 non
2127 571 2382 653 justus,
2415 572 2531 653 qui

334 673 403 732 et
432 669 671 733 consul
701 668 956 749 rogavi,
988 673 1058 732 et
1088 686 1315 750 augur,
1366 677 1439 732 et
1475 669 1882 751 auspicato‘l
1973 668 2080 732 An
2125 688 2273 746 vos,
2323 671 2530 734 Tusci

338 788 421 833 ac
478 768 795 842 barbam?
836 769 1290 852 auspiciorum
1343 769 1584 852 populi
1630 769 1926 834 Romani
1975 770 2096 851 jus
2152 763 2419 845 tenetis,
2465 778 2534 835 et

333 871 725 951 interpretes
771 887 923 932 esse
970 868 1389 932 comitiorum
1441 870 1780 950 potestis?
1871 869 2116 953 Itaque
2175 875 2316 934 tum
2374 869 2534 934 illos

334 970 516 1033 exire
542 969 767 1052 jussit.
860 968 1025 1033 Post
1056 973 1275 1032 autem
1322 985 1411 1030 ex
1457 968 1850 1051 provincias
1879 969 2147 1034 literas³
2195 969 2286 1034 ad
2331 969 2534 1034 colle-

334 1065 565 1152 giumh
608 1071 817 1145 misit,
877 1086 978 1144 se,
1046 1088 1194 1133 cum
1256 1069 1502 1150 legeret
1560 1067 1812 1144 libros,i
1869 1071 2292 1135 recordatum
2359 1089 2536 1146 esse,

337 1170 502 1232 vitio
536 1169 663 1232 sibi
696 1170 1196 1234 tabernaculum
1228 1176 1499 1252 captum
1530 1169 1745 1234 fuisse
1776 1169 1846 1234 in
1875 1171 2086 1234 hortis
2114 1171 2460 1253 Scipionis
2481 1167 2537 1250 ς’·

338 1268 545 1350 quod,
576 1288 725 1333 cum
773 1271 1173 1352 pomoerium
1225 1267 1504 1353 postea¹
1552 1271 1896 1348 intrasset,
1940 1270 2236 1335 habendi
2267 1277 2537 1334 senatus

336 1387 565 1446 causa,
588 1369 657 1432 in
688 1369 1042 1446 redeundo,
1084 1389 1237 1434 cum
1278 1370 1457 1434 idem
1499 1371 1898 1452 pomoerium
1947 1371 2274 1446 transiret,
2305 1371 2536 1452 auspi·

338 1469 477 1533 cari
508 1475 683 1534 esset
712 1469 1006 1534 oblitus:
1040 1471 1271 1554 itaque
1301 1471 1465 1538 vitio
1492 1479 1754 1536 creatos
1786 1472 2102 1537 consules
2130 1490 2304 1536 esse.
2395 1469 2538 1533 Au-

1221 1597 1600 1622 ‘mmuO

338 1662 414 1712 uti
440 1669 522 1713 est
544 1662 668 1712 Dir.
692 1677 753 1714 ιι.
775 1667 859 1714 35.
878 1665 1239 1727 coni-Scbuts.
1270 1667 1453 1730 primus
1472 1671 1714 1716 recreator
1733 1665 1992 1728 olom-2
2017 1666 2140 1713 Tam
2161 1664 2360 1714 omittit
2383 1665 2461 1714 Μ.
2486 1671 2542 1714 us

335 1741 367 1774 u
389 1733 523 1787 patre
546 1727 678 1776 Red.
742 1727 913 1777 Itane?
945 1742 1032 1788 ego
1053 1745 1162 1778 vero
1182 1744 1275 1778 ιιοιι
1298 1730 1457 1791 Glog.
1482 1729 1613 1778 Red.
1633 1729 1798 1778 Paris.
1817 1733 1867 1778 8.
1902 1729 1994 1777 La.
2027 1729 2108 1776 M.
2141 1741 2228 1788 ego
2249 1727 2455 1788 injustus
2470 1727 2539 1777 G.

335 1791 505 1851 rogavi·
521 1789 671 1839 deest
691 1791 739 1837 in
757 1791 931 1839 Paris.
948 1794 997 1842 ⁸.
1018 1801 1074 1840 et
1089 1793 1263 1840 Μ.-3
1288 1793 1333 1841 Α
1353 1793 1399 1841 Β
1420 1793 1445 1841 1
1464 1793 1512 1840 G
1536 1793 1609 1854 N,
1628 1793 1790 1841 Paris.
1810 1795 1858 1841 1.
1876 1792 1941 1848 E,
1958 1791 2108 1842 Jnnt.
2127 1792 2540 1840 Victor-Manut.

336 1867 365 1901 a
383 1854 621 1916 provincia
637 1855 802 1903 literas
813 1869 833 1911 ,·
858 1855 1011 1918 Glog.
1031 1855 1159 1903 Red.
1180 1855 1345 1904 liter-us
1363 1869 1425 1904 es:
1443 1855 1707 1916 provincia.
1753 1854 1903 1915 Mox,
1917 1856 1968 1904 ia
1983 1855 2141 1903 horto·
2154 1855 2288 1916 Seip.
2309 1853 2374 1909 D.
2391 1854 2541 1905 Jnnt.

338 1917 542 1965 Victor.
574 1918 790 1966 Arcens.
822 1918 982 1968 Basil.
1029 1919 1189 1967 hortos
1209 1919 1345 1980 Scip.
1376 1920 1564 1967 omissa
1625 1919 1952 1982 repositione
1974 1918 2045 1979 in,
2069 1917 2111 1965 A
2139 1917 2184 1964 B
2209 1917 2252 1966 C
2274 1917 2324 1964 G
2352 1915 2402 1966 H
2429 1918 2454 1966 1
2482 1917 2540 1966 M

338 1980 415 2037 N,
438 1981 604 2029 Paris.
621 1985 671 2029 2.
692 1985 741 2029 8.
761 1982 902 2031 Gud.
926 1986 974 2031 2.
996 1984 1048 2046 ψ.
1068 1982 1238 2037 lior-tis,
1262 1981 1449 2030 omisso
1471 1983 1543 2038 ia,
1569 1933 1620 2032 ὅ
1639 1981 1707 2031 U.
1735 1981 1924 2030 liorem
1941 1979 2072 2056 Scip.
2095 1980 2290 2054 Eliens.
2315 1985 2360 2028 l.
2382 1979 2542 2040 sitisse

337 2043 751 2105 horuspicaeionis‚
786 2046 928 2107 qnod,
967 2048 1050 2108 ξε.
1118 2046 1323 2094 Manut-
1359 2059 1477 2095 curn
1516 2047 1714 2109 aliquot
1753 2044 1907 2094 codd.
1953 2059 2106 2108 primo
2139 2057 2196 2092 ea
2219 2048 2464 2094 ratmunt
2487 2046 2542 2104 ψ.

333 2111 501 2166 postea
540 2107 785 2156 interesset
824 2108 900 2157 M.
932 2115 1095 2170 posteo
1133 2109 1383 2158 transisset
1422 2110 1491 2170 A,
1528 2109 1662 2158 Red.
1699 2107 1900 2158 Tbuau.
1973 2106 2194 2166 Deinde,
2227 2114 2408 2156 creatos
2429 2121 2543 2169 quos

338 2182 437 2219 me
457 2171 504 2219 E
524 2171 602 2220 M.
633 2176 874 2220 amm-os
892 2185 1005 2235 quos
1025 2187 1123 2222 esse
1157 2172 1325 2222 Paris.
1348 2177 1396 2222 8.
1430 2179 1613 2223 creatu
1645 2185 1764 2235 esse,
1796 2173 1988 2223 omisso
2007 2170 2236 2232 mmm,
2259 2168 2285 2218 1
2312 2170 2382 2219 N.
2409 2183 2544 2219 crea-

886 327 983 372 ns
1033 325 1351 374 NATURA
1402 326 1722 376 osonum
1775 329 1851 376 ιι.
1897 314 1962 375 4.

1329 2308 1380 2358 N
1390 2306 1551 2358 01·AE

402 2401 427 2428 θ
462 2389 770 2444 comitiorum
787 2393 1081 2459 rogatorem]
1113 2393 1399 2459 Distingue

338 2467 663 2518 comitiorum
719 2477 1015 2531 rogatorem
1072 2484 1103 2519 a
1158 2478 1399 2533 rogatore

340 2540 714 2606 suffragiorum.
777 2542 879 2593 Ille
911 2544 1123 2593 comitia
1151 2558 1399 2594 convoca·

338 2617 447 2675 bat,
503 2620 907 2683 convocatisque
962 2634 1079 2670 curn
1134 2628 1399 2684 potestate

340 2703 586 2757 preerat,
628 2704 849 2757 eratque
882 2697 1097 2755 unicus;
1134 2702 1401 2759 rogatores

339 2768 697 2832 suffragiorum
724 2774 823 2825 tot,
840 2775 968 2832 quot
988 2771 1259 2818 centuria».

406 2840 429 2873 ¹
452 2841 692 2905 Barbari]
711 2841 864 2893 Tusci
883 2842 1087 2891 barbari
1110 2856 1212 2891 non
1232 2849 1402 2908 erent,

341 2918 540 2983 quippe
580 2915 740 2965 Itali:
773 2916 867 2966 sed
900 2917 1135 2966 homines
1174 2932 1270 2967 non
1300 2919 1400 2967 Ro·

341 2994 538 3048 titanos.
572 2997 663 3041 ant
693 2989 926 3056 fastidio,
948 3001 1039 3043 aut
1068 2992 1159 3041 irae
1184 2993 1401 3057 impetu.

343 3074 359 3097 ⁸
376 3066 621 3117 barbaros
643 3069 658 3093 ⁹
689 3067 914 3117 vocavit.

406 3148 433 3185 s
466 3144 547 3191 Ex
578 3139 845 3205 provincia]
878 3140 1137 3199 Sardinia,
1160 3156 1312 3207 quarn
1337 3156 1403 3191 ex

344 3218 571 3269 secundo
584 3256 594 3271 ,
609 3218 901 3275 consulatu,
938 3225 1217 3280 prorogato
1243 3218 1403 3281 inipe-

344 3294 440 3357 rio,
464 3300 613 3343 extra
632 3292 863 3343 ordinem
895 3292 1217 3344 obtinuerat.
1284 3294 1397 3343 Cic.

344 3369 408 3417 ad
434 3372 499 3421 Q.
520 3370 689 3419 Pratr.
710 3380 773 3416 ιι.
802 3372 851 3417 2.

364 3434 371 3441 ’
410 3444 435 3477 ⁸
466 3445 548 3494 Aa
563 3440 839 3505 collegium]
863 3442 1145 3504 Augurum,
1168 3441 1306 3507 quod
1327 3442 1403 3491 in·

343 3518 440 3569 itio
478 3518 631 3568 trium
676 3517 933 3567 duntaxat
978 3529 1228 3578 augurum
1272 3516 1402 3576 fuit3

345 3593 535 3646 ceteris
558 3591 790 3654 collegiis
823 3590 1122 3653 praecellens
1144 3596 1202 3639 et
1234 3588 1398 3652 digui-

345 3680 458 3722 tato
502 3678 557 3721 et
612 3668 942 3731 antiquitate.
1007 3664 1107 3715 Illa
1147 3680 1179 3715 a
1224 3667 1400 3716 Numa

346 3743 625 3807 Pompilio,
646 3742 745 3790 boc
767 3754 801 3789 a
822 3738 1035 3789 Romulo
1056 3740 1368 3790 institutum.

408 3822 423 3854 ¹
444 3820 647 3881 Legeret
668 3815 837 3878 libros]
859 3814 906 3864 N
913 3829 979 3865 on
996 3815 1294 3879 Sibyllinos,
1311 3815 1403 3865 sed

348 3895 643 3959 augurales.

412 3970 436 4003 Β
469 3970 532 4018 In
554 3968 705 4017 hortis
726 3964 961 4028 Scipionis
982 3964 1405 4029 [haruspectfonis]

348 4046 553 4109 Legunt
575 4042 732 4107 aliqui
760 4043 814 4091 in
834 4042 988 4090 hortis
1011 4041 1263 4104 Scipionis.
1298 4041 1401 4090 Sed

350 4120 473 4186 quid
506 4120 581 4183 ⁴nd
615 4133 722 4169 reru
748 4118 875 4167 horti
906 4116 1181 4181 Scipionis?
1247 4116 1405 4167 Certe

1480 2410 1566 2446 res
1591 2393 1671 2445 bis
1693 2393 1742 2445 in
1765 2393 1908 2446 libris
1923 2394 1991 2446 de
2013 2393 2344 2444 Divinatione
2363 2408 2542 2445 narra··

1482 2478 1604 2532 tur3
1641 2486 1738 2520 nec
1773 2485 1984 2536 usquam
2021 2478 2105 2520 est
2137 2471 2334 2519 mentio
2365 2472 2544 2521 borto-

1482 2560 1594 2595 rum
1639 2546 1914 2610 ejusmodi.
1979 2546 2174 2596 Sensus
2230 2546 2391 2609 igitur
2443 2547 2545 2596 loci

1480 2627 1597 2671 eutr
1631 2622 1856 2685 Scripsit
1889 2636 1965 2683 ae,
1997 2636 2116 2672 cum
2155 2622 2358 2685 legeret
2385 2623 2544 2671 libros

1481 2696 1776 2756 augurales,
1801 2708 2097 2758 perperam,
2129 2703 2186 2743 et
2215 2709 2316 2744 non
2339 2705 2544 2745 servato

1482 2767 1789 2831 auspicandi
1827 2769 1949 2831 ritu,
1987 2768 2204 2831 elegisse
2237 2769 2428 2831 locum,
2449 2782 2544 2819 seu

1482 2840 1888 2900 tabernaculum,
1913 2842 2000 2891 ubi
2025 2841 2254 2905 auspicia
2277 2840 2482 2892 flerent.

1559 2916 1574 2950 ¹
1621 2919 1914 2967 Pomm-iusi
1953 2918 2158 2983 ponsa]
2209 2918 2544 2983 Poruoerium,

1484 2992 1627 3043 locus
1649 2993 1791 3043 circa
1811 3007 2012 3042 murum
2050 3007 2206 3057 quern
2241 2994 2292 3043 in
2330 2995 2543 3046 urbibus

1484 3066 1767 3118 condendis
1791 3066 1996 3117 Etrusci
2025 3068 2166 3123 olim,
2205 3082 2305 3132 qua
2341 3083 2544 3119 murum

1482 3139 1696 3191 ducturi
1725 3146 1893 3198 eraut,
1930 3141 2089 3190 certis
2126 3142 2358 3190 terminis
2383 3158 2543 3207 augu-

1485 3216 1680 3265 ralibus
1721 3214 2117 3265 consecrabant.
2199 3215 2436 3278 captatis
2493 3217 2544 3265 in

1486 3290 1616 3340 urbe
1657 3290 1923 3353 auspiciis,
1967 3290 2302 3351 magistratus
2336 3289 2543 3339 babitu-

1482 3379 1570 3415 rus
1610 3366 1818 3414 comitia
1857 3365 2109 3427 pomoerio
2139 3364 2334 3426 exibat,
2375 3373 2432 3413 et
2469 3374 2546 3413 ia-

1481 3440 1817 3490 bernaculum
1843 3439 2089 3503 capiebat
2113 3439 2178 3490 ad
2202 3440 2435 3503 auspicia
2456 3440 2545 3490 de-

1484 3529 1588 3563 nuo
1624 3515 1880 3578 capienda
1923 3514 2110 3577 quibus
2147 3513 2319 3577 priora
2359 3514 2546 3564 contir-

1480 3598 1762 3640 narentur.
1831 3588 1982 3641 Quod
2007 3589 2053 3639 si
2070 3589 2296 3638 noudum
2319 3590 2554 3652 captatis·
2585 3608 2604 3627 ν

1479 3672 1631 3715 extra
1679 3666 1986 3729 pomoerium
2035 3664 2303 3728 auspiciis,
2358 3667 2546 3727 magis·

1481 3748 1677 3791 tratum
1712 3741 1887 3805 aliqua
1917 3754 2072 3790 causa
2103 3741 2156 3789 in
2195 3738 2373 3789 urbem
2398 3754 2546 3790 revo-

1482 3822 1647 3873 caret,
1674 3814 2026 3866 renovandum
2049 3822 2162 3865 erat
2186 3814 2470 3879 auspicium
2491 3816 2546 3864 in

1484 3890 1600 3954 ipso
1623 3889 1858 3953 pomoerii
1883 3889 2117 3951 transitu,
2149 3903 2264 3938 cum
2301 3888 2365 3936 ad
2405 3890 2543 3949 capi·

1484 3962 1672 4013 endum
1699 3964 2088 4013 tabernaculum
2129 3964 2298 4010 denuo
2328 3961 2548 4009 redibat.

1487 4038 1553 4089 Id
1581 4039 1631 4087 ul
1650 4037 1827 4101 fieret,
1852 4037 2238 4097 tabernaculum
2263 4034 2390 4084 vitio
2422 4046 2546 4097 cap·

1490 4123 1600 4167 tum
1623 4114 1914 4165 dicebatur.
