3080 4788
793 881 907 958 M.
986 830 1397 960 TULLu
1492 883 2182 962 cmERole

388 1105 1527 1212 TUSCULANARUM
1653 1111 2594 1209 QUAESTIONUM

999 1361 1173 1436 AD
1258 1361 1390 1441 M.
1456 1363 1997 1444 BRUTUM

1272 1578 1572 1644 LIBER
1639 1578 1732 1644 V.

442 1798 961 1870 VIRTUTEM
1020 1797 1156 1865 AD
1223 1799 1537 1866 BEATE
1580 1799 2123 1868 VIVENDUM
2180 1799 2293 1866 SE
2339 1799 2560 1867 IPSA

1049 1941 1277 2008 ESSE
1323 1941 1958 2010 CONTENTAM.

1220 2476 1787 2525 ARGUMENTUM.

406 2604 509 2657 Hic
534 2604 665 2656 iiber
690 2606 741 2655 iu
768 2605 1093 2668 difficili,sed
1116 2606 1281 2670 gravi,
1304 2614 1361 2655 et
1384 2604 1682 2669 dignissima
1700 2606 2007 2669 philosopho
2030 2606 2332 2672 quaestione,
2355 2612 2612 2665 versatur,

467 2685 639 2735 ‘sitne
664 2687 829 2736 virtus
864 2686 931 2735 ad
967 2685 1121 2735 beate
1154 2685 1430 2735 vivendum
1471 2699 1527 2734 se
1567 2687 1679 2749 ipsa
1718 2685 2038 2737 contenta?’
2106 2688 2186 2736 De
2219 2700 2282 2736 ea
2316 2687 2613 2751 disputatur

468 2765 636 2828 primo
659 2765 1144 2815 mathematicorum
1168 2778 1311 2814 more
1337 2764 1586 2826 breviter,
1607 2764 1796 2814 deinde
1818 2764 1982 2815 fusius
2007 2780 2148 2815 more
2181 2766 2616 2831 philosophorum.

472 2846 609 2896 Nam
635 2844 1062 2909 quemadmodum
1087 2850 1389 2909 geometrae,
1406 2858 1521 2894 cum
1547 2844 1738 2907 aliquid
1763 2843 1952 2894 docere
1977 2846 2171 2901 volunt,
2194 2846 2237 2895 si
2263 2846 2384 2909 quid
2409 2846 2470 2895 ad
2497 2860 2612 2897 eam

471 2938 580 2975 rem
605 2926 835 2989 pertinet
858 2938 1057 2982 eorum,
1078 2940 1196 2989 qum
1220 2932 1343 2975 ante
1378 2924 1691 2985 docuerunt,
1712 2924 1763 2973 id
1790 2932 2000 2975 sumunt
2032 2939 2125 2989 pro
2145 2938 2396 2975 concesso
2420 2934 2476 2976 et
2499 2941 2614 2989 pro-

470 3005 627 3065 bato;
654 3005 779 3054 inud
804 3006 961 3055 modo
986 3005 1270 3069 explicant,
1292 3004 1359 3055 de
1381 3018 1483 3070 quo
1505 3011 1629 3055 aute
1646 3004 1771 3055 nihil
1797 3006 2050 3071 scriptum
2072 3006 2170 3067 sit;
2209 3006 2502 3071 philosophi
2527 3022 2616 3057 au·

472 3094 599 3147 tem,
619 3099 997 3151 quamcumque
1024 3099 1133 3136 rem
1169 3085 1364 3135 habeut
1398 3085 1736 3149 inmanibus,
1765 3086 1816 3135 in
1841 3100 1975 3148 eam,
1998 3101 2112 3150 qum
2139 3087 2471 3143 conveniunt.
2495 3101 2618 3137 eon·

472 3174 656 3229 gerunt
681 3167 873 3229 omnia,
896 3167 992 3216 etsi
1019 3168 1121 3216 aiio
1146 3168 1259 3216 ioco
1282 3165 1547 3231 disputata
1580 3173 1702 3216 sunt
1723 3167 1882 3227 ;—sic
1907 3166 2093 3218 Cicero
2119 3166 2288 3230 primo
2303 3182 2368 3217 ex
2393 3167 2478 3228 iis,
2498 3181 2614 3231 qua

471 3246 824 3310 superioribus
858 3246 1043 3296 diebus
1083 3246 1398 3310 disputarat,
1433 3245 1648 3297 conficit
1683 3245 1756 3309 id,
1787 3245 1924 3309 quod
1960 3245 2241 3310 quaritur,
2278 3247 2472 3296 deinde
2495 3260 2618 3295 vero

472 3326 549 3375 ita
570 3324 637 3375 de
660 3326 755 3375 hac
776 3326 1063 3389 quaestione
1086 3325 1341 3389 disputat,
1364 3334 1608 3389 tauquam
1642 3326 1997 3389 superioribus
2032 3326 2213 3376 diebus
2245 3326 2320 3375 nil
2353 3334 2492 3375 esset
2514 3326 2620 3375 dis-

474 3405 706 3470 putando
744 3404 1058 3455 confectum.
1126 3405 1260 3456 Nam
1298 3406 1466 3470 primo
1504 3404 1737 3457 ostendit
1779 3406 2024 3468 breviter,
2059 3406 2102 3455 si
2134 3406 2344 3470 sapiens
2385 3406 2619 3456 omnibus

476 3484 955 3549 perturbationibus
978 3484 1111 3537 liber
1129 3486 1216 3542 sit,
1240 3500 1339 3535 nou
1366 3499 1516 3549 posse
1540 3499 1642 3535 nou
1667 3486 1874 3536 beatum
1906 3486 2193 3549 sapientem
2221 3499 2350 3545 esse,
2371 3486 2512 3551 quod
2533 3488 2622 3551 qui

475 3566 527 3615 in
563 3566 626 3615 iis
660 3565 781 3623 sint,
818 3566 993 3615 miseri
1027 3565 1134 3615 siut
1166 3566 1493 3615 necessarior
1529 3578 1710 3630 quare,
1741 3578 1858 3614 cum
1881 3564 2044 3615 virtus
2081 3580 2110 3615 a
2145 3566 2622 3629 perturbationibus

475 3646 588 3694 sola
628 3644 838 3702 liberet,
876 3644 1127 3695 virtutem
1165 3643 1462 3693 necessario
1497 3642 1658 3694 solam
1700 3643 1910 3695 beatum
1950 3645 2206 3696 homiuem
2245 3644 2470 3699 efficere.
2507 3662 2628 3711 cap.

476 3731 526 3775 5.
548 3728 599 3782 6.
668 3724 731 3775 Iu
752 3738 851 3788 quo
879 3723 1212 3788 reprehendit
1238 3730 1469 3774 veterem
1494 3724 1924 3776 Academicorum
1960 3716 2014 3776 et
2038 3725 2511 3789 Peripateticorum
2546 3729 2622 3777 in·

480 3806 846 3869 constantiam,
867 3808 954 3872 qui
976 3822 1092 3857 cnm
1120 3808 1218 3856 tria
1242 3820 1437 3870 genera
1462 3806 1709 3856 bonorum
1745 3806 1960 3871 faciant,
1982 3808 2140 3857 solam
2179 3814 2350 3857 tamen
2376 3810 2622 3858 virtutem

480 3885 663 3935 dicant
696 3884 954 3949 sufficere,
985 3888 1081 3939 etsi
1118 3901 1218 3937 uon
1254 3888 1319 3936 ad
1364 3887 1736 3950 beatissimam,
1763 3894 1932 3941 tamen
1967 3889 2032 3937 ad
2069 3888 2272 3938 beatam
2299 3890 2476 3937 vitam.
2509 3902 2627 3951 cap.

436 4010 443 4015 .
480 3969 663 4016 7-13,
730 3966 939 4027 Deinde
978 3968 1156 4017 multis
1192 3972 1303 4020 tum
1334 3968 1674 4030 argumentis,
1699 3974 1808 4017 tum
1830 3969 2080 4032 exemplis
2110 3968 2366 4018 bominum
2389 3975 2444 4017 et
2469 3969 2623 4015 vitio·

480 4058 675 4109 sorum,
693 4052 747 4096 et
764 4046 973 4097 virtutis
996 4047 1151 4097 laude
1172 4047 1468 4105 illustrium,
1487 4044 1835 4111 demonstrat,
1863 4047 2108 4098 virtutem
2133 4046 2344 4097 efficere
2365 4047 2624 4097 homiuem

484 4137 587 4197 non
612 4125 777 4175 solum
802 4126 1031 4186 beatum,
1064 4128 1201 4193 quod
1226 4134 1306 4178 est
1328 4128 1517 4179 Stoicis
1542 4140 1658 4177 cum
1681 4126 1982 4179 Academias
2003 4127 2196 4177 veteris
2220 4126 2536 4191 pbilosophis
2569 4136 2626 4177 et

486 4203 859 4268 Peripateticis
884 4220 1157 4259 commune
1173 4208 1303 4272 ;,sed
1328 4208 1489 4259 etiam
1516 4208 1598 4259 vei
1634 4206 1688 4265 in
1725 4208 1964 4261 cruciata
1995 4212 2054 4257 et
2085 4205 2357 4257 tormentis
2389 4206 2624 4258 beatissi-
